1930 3100
743 534 1214 635 PRAEFATIO.

249 719 447 774 Conica
494 720 774 789 Apollonii
818 720 1069 789 Pergaei,
1125 737 1261 788 quae
1315 719 1823 774 mathematicorum

137 826 396 862 consensu
459 809 682 861 summis
737 808 1154 877 iustissimisque
1211 808 1504 860 efferuntur
1557 808 1821 878 laudibus,

134 900 261 966 post
319 896 590 950 Halleium
662 897 929 949 neminem
1002 897 1262 949 editorem
1333 896 1670 949 inuenerunt.
1771 900 1825 949 et

135 985 368 1038 fortasse
429 984 827 1038 mathematicis
838 1026 854 1052 ,
917 985 1008 1053 qui
1057 1003 1142 1037 res
1199 985 1343 1038 solas
1399 988 1666 1054 spectant,
1729 986 1823 1037 ali-

136 1076 399 1143 quatenus
454 1073 990 1142 interpretationibus
1047 1073 1178 1125 satis
1231 1073 1315 1141 fit3
1375 1073 1467 1125 sed
1521 1091 1587 1125 ne
1644 1073 1707 1125 de
1754 1073 1822 1125 iis

137 1162 326 1230 dicam,
358 1180 585 1230 quorum
616 1162 843 1214 interest
875 1162 1026 1225 scire,
1058 1161 1252 1230 quibus
1285 1161 1464 1215 uerbis
1494 1160 1818 1231 Apollonius

134 1251 250 1319 ipse
296 1268 424 1302 usus
474 1250 567 1318 sit,
615 1252 669 1302 et
717 1268 823 1318 qua
868 1250 1079 1302 ratione
1118 1249 1382 1303 formulas
1424 1250 1685 1320 signaque
1727 1268 1818 1302 no-

135 1341 369 1391 strorum
415 1338 920 1391 mathematicorum
968 1356 1194 1407 aequare
1232 1338 1490 1407 potuerit,
1536 1338 1671 1406 ipsis
1710 1338 1819 1390 illis

134 1427 672 1495 interpretationibus
726 1426 1135 1479 fundamentum
1190 1429 1398 1479 certum
1451 1426 1674 1478 tandem
1725 1426 1822 1478 ali-

135 1514 348 1581 quando
387 1514 588 1566 iactum
626 1531 742 1566 esse
776 1517 1010 1583 oportet3
1051 1513 1194 1583 quod
1225 1513 1484 1582 Halleius,
1525 1515 1615 1583 qui
1649 1514 1820 1567 adhuc

135 1602 279 1654 solus
321 1598 522 1654 Gonica
555 1601 756 1654 Graece
797 1602 975 1670 edidit,
1014 1620 1186 1671 neque
1226 1601 1403 1654 uoluit
1443 1601 1615 1654 facere
1646 1620 1818 1671 neque

132 1690 330 1758 potuit,
374 1708 509 1758 quae
550 1694 665 1743 erat
703 1691 813 1743 illis
852 1691 1187 1760 temporibus
1227 1692 1368 1743 ratio
1410 1691 1542 1743 artis
1584 1690 1816 1743 criticae.

132 1778 314 1846 itaque
354 1795 552 1830 nouam
592 1778 882 1831 editionem
923 1777 1246 1832 Oonicorum
1285 1779 1557 1832 codicibus
1597 1777 1816 1831 Graecis

133 1865 476 1933 perlustratis
517 1869 570 1918 et
609 1867 824 1919 collatis
864 1885 1055 1935 parare
1088 1867 1310 1930 decretu,
1349 1867 1667 1935 praesertim
1700 1884 1820 1918 cum

133 1951 395 2020 uiderem,
443 1953 731 2007 editionem
770 1954 971 2008 Halleii
1008 1958 1122 2007 tam
1161 1973 1339 2008 raram
1380 1973 1518 2024 esse,
1557 1957 1618 2006 ut
1658 1955 1821 2006 etiam

134 2040 422 2094 immodico
473 2041 645 2108 pretio
694 2042 783 2093 uix
831 2060 892 2094 ac
938 2060 1004 2094 ne
1051 2043 1142 2094 uix
1189 2043 1402 2112 quidem
1449 2045 1634 2112 posset
1681 2060 1819 2094 com-

134 2129 328 2196 parari.
421 2127 513 2180 sed
572 2129 639 2180 ab
694 2129 849 2182 initio
905 2129 1037 2182 mihi
1094 2131 1408 2199 constabat,
1462 2148 1551 2182 eos
1605 2133 1817 2182 tantum

134 2215 326 2285 libros,
380 2217 469 2284 qui
527 2215 726 2269 Graece
782 2221 1078 2288 exstarent,
1132 2218 1265 2270 mihi
1318 2218 1630 2270 tractandos
1686 2235 1816 2269 esse.

135 2321 263 2355 nam
304 2322 627 2372 quamquam
669 2322 752 2356 me
791 2323 900 2357 non
940 2305 1199 2375 fugiebat,
1238 2306 1526 2359 editionem
1559 2306 1637 2357 ita
1668 2323 1819 2356 man-

136 2409 254 2444 cam
294 2393 348 2443 et
380 2392 532 2459 quasi
565 2392 937 2445 detruncatam
968 2394 1096 2462 fore,
1135 2397 1318 2446 tamen
1351 2413 1382 2446 a
1412 2412 1496 2446 me
1527 2393 1818 2461 impetrare

134 2496 244 2531 non
275 2479 442 2548 potui,
471 2483 532 2532 ut
562 2481 1062 2549 interpretationem
1087 2483 1346 2535 librorum
1371 2479 1623 2555 V÷V11‚
1657 2498 1818 2548 quam

137 2584 202 2618 ex
247 2567 479 2622 Arabico
534 2568 735 2621 fecerat
780 2568 1048 2638 Halleius,
1101 2571 1266 2622 nullis
1315 2561 1568 2622 subsidiis
1616 2568 1815 2621 criticis

137 2653 349 2706 adiutus
380 2658 690 2723 repeterem.
753 2659 806 2708 et
834 2657 1040 2710 codices
1063 2657 1330 2711 Arabieos
1354 2660 1575 2725 propter
1599 2657 1816 2726 linguae
1841 2724 1846 2728 ῃ

135 2741 287 2794 illius
324 2743 690 2812 ignorantiam
728 2743 842 2811 ipse
883 2745 1028 2796 adire
1067 2764 1175 2799 non
1214 2746 1379 2814 potui.
1447 2743 1816 2812 imperfectum

135 2829 303 2897 igitur
356 2832 573 2882 maneat
626 2848 783 2899 OPUS,
837 2831 1003 2884 donec
1051 2832 1244 2900 aliquis
1291 2831 1506 2901 linguae
1553 2830 1816 2883 Arabicae

1490 2915 1549 2960 a*
