1982 3178
658 106 1014 149 comeciam
1043 105 1228 147 LIBER
1257 105 1292 147 1.
1566 164 1568 166 ‚
1749 100 1814 152 71
1866 88 1870 92 ’

131 231 190 283 et
225 229 368 282 intra
406 227 698 280 sectionem
728 227 986 294 punctum
1020 223 1236 293 aliquod
1266 225 1319 277 Γ
1345 225 1600 291 sumatur,
1639 223 1694 273 et
1724 239 1820 290 per

135 320 190 372 Γ
233 320 408 371 rectae
462 318 570 369 AB
623 313 883 384 parallela
932 313 1157 366 ducatur
1204 315 1328 366 ΓΛ.
1411 311 1553 380 dico,
1605 312 1717 364 ΓΔ
1762 309 1819 361 in

134 409 418 474 utramque
455 406 664 473 partem
701 402 1017 472 productam
1057 419 1178 454 cum
1218 401 1454 454 sectione
1486 416 1817 453 concurrere.

247 496 492 547 sumatur
537 492 680 545 enim
724 491 782 544 in
822 491 1055 544 sectione
1094 492 1351 560 punctum
1391 488 1612 558 aliquod
1652 492 1723 557 E,
1763 489 1818 540 et

95 583 360 652 *ducatur
413 585 530 638 EZ.
614 584 667 634 et
721 579 977 649 quoniam
1027 582 1136 631 AB
1182 581 1359 631 rectae
1407 579 1517 630 ΓΛ
1562 577 1819 645 parallela

929 671 1034 736 est,
1090 670 1144 720 et
1198 685 1317 720 cum
1365 669 1474 718 AB
1520 667 1667 718 recta
1712 667 1817 717 EZ

135 747 190 789 B
930 756 1216 824 concurrit,
1241 755 1404 808 etiam
1430 757 1532 806 ΓΔ
1555 754 1817 822 producta

395 820 448 862 p
930 862 1049 897 cum
1082 847 1184 896 EZ
1232 845 1525 897 concurret.
1610 846 1664 895 et
1704 842 1817 894 siue

929 933 1069 985 inter
1109 937 1177 1001 E,
1210 936 1255 985 Z
1302 931 1592 1000 concurrit,
1647 930 1816 983 mani-

136 1028 182 1068 Ζ
928 1021 1129 1074 festum
1175 1023 1278 1089 est,
1325 1038 1442 1072 eam
1491 1020 1653 1072 etiam
1696 1037 1816 1072 cum

549 1162 589 1202 Z
931 1110 1166 1162 sectione
1184 1126 1512 1176 concurrere,
1538 1109 1649 1160 siue
1667 1110 1817 1160 extra

402 1192 447 1234 Λ
502 1217 505 1221 ·
843 1242 892 1279 1⁷
928 1201 1186 1267 punctum
1200 1201 1262 1266 E,
1279 1198 1426 1266 prius
1444 1215 1564 1249 cum
1583 1197 1815 1249 sectione

135 1348 184 1391 Α
929 1289 1222 1339 concurret.
1323 1286 1507 1355 itaque
1576 1287 1687 1338 ΓΔ
1750 1285 1816 1338 ad

928 1377 1105 1440 partes
1139 1379 1209 1443 A,
1239 1378 1292 1427 E
1327 1392 1514 1427 uersus
1554 1373 1817 1442 producta

130 1480 256 1515 cum
288 1462 522 1533 sectione
552 1461 833 1514 concurrit.
889 1462 1138 1514 similiter
1163 1462 1666 1530 demonstrabimus,
1698 1480 1814 1515 eam

39 1548 42 1550 ⁷
131 1551 298 1603 etiam
346 1550 412 1602 ad
461 1553 527 1618 Z,
566 1553 612 1602 Β
659 1568 846 1603 uersus
897 1550 1213 1619 productam
1264 1569 1595 1604 concurrere.
1685 1565 1814 1620 ergo

133 1640 245 1691 ΓΔ
290 1639 346 1691 in
392 1641 673 1707 utramque
712 1641 920 1706 partem
959 1639 1218 1706 producta
1257 1657 1378 1692 cum
1418 1639 1651 1691 sectione
1691 1656 1814 1692 con-

133 1730 326 1780 curret.

905 1798 1050 1854 XIX.

244 1905 310 1957 In
370 1904 608 1973 qualibet
669 1904 791 1956 coni
852 1904 1087 1956 sectione
1148 1905 1314 1972 recta,
1377 1921 1720 1974 quaecunque
1782 1924 1815 1958 a

134 1993 398 2045 diametro
434 1994 610 2044 rectae
643 1992 886 2045 ordinate
919 1992 1109 2045 ductae
1139 1992 1396 2060 parallela
1428 1992 1653 2061 ducitur,
1692 2011 1813 2046 cum

134 2080 371 2133 sectione
411 2083 702 2134 concurret.

247 2168 318 2220 sit
358 2169 478 2221 coni
518 2169 700 2238 secti0,
739 2168 887 2221 cuius
928 2169 1219 2221 diametrus
1260 2169 1332 2221 sit
1364 2173 1487 2238 AB,
1526 2173 1582 2222 et
1612 2170 1670 2222 in
1701 2170 1812 2222 dia-

136 2258 305 2309 metro
352 2260 608 2325 punctum
654 2256 871 2326 aliquod
916 2260 963 2308 Β
1011 2261 1274 2326 sumatur,
1322 2260 1375 2309 et
1417 2276 1513 2326 per
1551 2262 1597 2310 Β
1635 2261 1812 2311 rectae

134 2345 375 2397 ordinate
437 2345 624 2398 ductae
681 2345 941 2414 parallela
1005 2346 1228 2398 ducatur
1281 2348 1400 2398 ΒΓ.
1500 2346 1648 2414 dico,
1711 2348 1821 2398 ΒΓ

133 2433 450 2501 productam
489 2451 608 2486 cum
649 2433 881 2486 sectione
921 2452 1243 2486 concurrere.

247 2525 489 2575 sumatur
548 2522 689 2574 enim
749 2522 806 2574 in
860 2523 1095 2574 sectione
1148 2525 1405 2591 punctum
1461 2522 1675 2591 aliquod
1729 2526 1799 2592 A3

134 2627 321 2662 uerum
376 2610 535 2662 etiam
590 2598 642 2662 A
686 2610 743 2662 in
789 2610 1022 2663 sectione
1071 2613 1173 2679 est,
1225 2610 1406 2678 itaque
1452 2614 1598 2662 recta
1643 2611 1711 2663 ab
1757 2616 1812 2662 A

136 2698 203 2750 ad
226 2700 281 2749 A
304 2698 461 2751 ducta
483 2698 624 2750 intra
649 2698 937 2750 sectionem
962 2697 1116 2751 cadet
1142 2700 1312 2767 [prop.
1337 2698 1425 2764 XJ.
1480 2701 1534 2750 et
1558 2699 1810 2767 quoniam

254 2827 307 2871 In
335 2828 483 2884 figura
513 2826 664 2884 priore
695 2827 876 2872 litteras
900 2832 950 2883 A,
977 2832 1010 2870 Β
1042 2827 1318 2884 permutaui‚
1353 2827 1501 2871 altera
1523 2827 1572 2871 in
1596 2841 1727 2886 prop.
1755 2833 1807 2873 19

136 2885 245 2931 hab.
279 2886 334 2943 V,
367 2886 449 2930 sed
478 2900 696 2931 numerus
731 2890 785 2931 18
817 2887 860 2944 (e
892 2889 1024 2942 corr.)
1057 2885 1244 2930 additus
1276 2886 1318 2929 ei
1350 2888 1432 2931 est.
