1982 3178
91 1047 145 1088 10

88 1493 142 1533 15

86 2060 143 2100 20

84 2506 141 2546 25

179 101 250 155 66
842 106 1121 152 mmmm
1152 101 1220 151 α’.

178 218 213 293 ἡ
255 227 374 277 ΝΛ
412 221 552 293 πρὸς
589 221 693 295 τὴν
725 229 853 281 ΛΑ.
915 222 1041 280 ἀλλ’
1077 222 1152 292 ὥς
1190 223 1225 298 ἡ
1264 232 1397 282 MK
1429 226 1570 299 πρὸς
1605 226 1710 301 τὴν
1742 234 1875 301 ΚΒ,

179 313 277 382 τῆς
315 316 431 367 KA
485 316 683 368 κοινοῦ
733 311 913 380 ὕψους
959 317 1385 387 λαμβανομένης
1431 314 1607 383 οὕτως
1650 315 1714 374 τὸ
1763 315 1878 375 ὑπὸ

180 405 373 456 ΜΚΑ
419 401 559 472 πρὸς
603 401 666 458 τὸ
711 399 820 458 ὑπὸ
863 409 1060 474 ΒΚΑ,
1108 401 1182 470 ὥς
1223 404 1284 460 δὲ
1322 404 1356 477 ἡ
1398 412 1516 462 ΝΛ
1561 406 1703 476 πρὸς
1739 413 1872 475 ΛΑ,

177 492 274 560 τῆς
321 495 431 545 ΒΛ
484 494 683 547 κοινοῦ
730 489 913 558 ὕψους
958 494 1384 565 λαμβανομένης
1431 494 1606 562 οὕτως
1651 495 1714 554 τὸ
1761 495 1874 554 ὑπὸ

178 583 354 634 ΝΛΒ
394 577 534 650 πρὸς
571 579 633 635 τὸ
674 577 784 636 ὑπὸ
817 585 1004 636 ΑΛΒ.
1065 582 1158 636 καὶ
1199 579 1274 648 ὡς
1305 581 1414 654 ἄρα
1445 582 1507 640 τὸ
1541 582 1650 641 ὑπὸ
1683 591 1874 642 ΜΚΑ

177 667 316 739 πρὸς
353 666 416 725 τὸ
456 668 565 724 ὑπὸ
599 675 714 724 ΒΚ
720 677 789 739 A,
832 667 1010 735 οὕτως
1046 669 1108 725 τὸ
1142 669 1251 726 ὑπὸ
1284 677 1459 728 ΝΛΒ
1498 672 1638 747 πρὸς
1667 672 1730 730 τὸ
1761 672 1873 732 ὑπὸ

179 763 365 813 ΑΛΒ.
441 757 536 813 καὶ
574 757 835 829 ἐναλλάξ,
883 756 959 824 ὡς
995 757 1058 815 τὸ
1098 757 1207 815 ὑπὸ
1248 766 1439 817 ΜΚΑ
1483 761 1622 834 πρὸς
1658 763 1722 820 τὸ
1759 760 1871 820 ὑπὸ
1941 758 1945 762 ”

178 853 243 902 N
248 852 374 918 ΛΒ,
417 847 595 912 οὕτως
632 845 695 903 τὸ
735 845 844 903 ὑπὸ
887 853 1059 903 BKA
1097 868 1235 922 προς
1271 847 1334 905 τὸ
1374 847 1485 923 ὑπὸ
1525 857 1709 907 ΑΛΒ.
1777 857 1879 908 καί

178 937 328 991 ἐστιν
378 942 505 991 ἴσον
551 934 614 992 τὸ
661 933 771 992 ὑπὸ
810 942 944 992 ΜΚ
950 945 1002 992 Α
1053 946 1130 1014 τῷ
1178 935 1288 994 ὑπὸ
1330 941 1526 995 ΝΛΒ·
1590 948 1716 997 ἴσον
1761 939 1872 1014 ἄρα

178 1026 293 1082 ἐστὶ
332 1025 424 1081 καὶ
462 1023 525 1081 τὸ
564 1023 673 1082 ὑπὸ
716 1032 887 1081 BKA
925 1029 999 1102 τῷ
1040 1024 1148 1083 ὑπὸ
1184 1033 1375 1084 ΑΛΒ·
1424 1033 1515 1100 ἴση
1547 1030 1657 1101 ἄρα
1689 1028 1723 1102 ἡ
1757 1035 1878 1086 AK
1963 1018 1975 1110 ζἏ

175 1123 242 1188 τῇ
272 1119 395 1170 ΛΒ.
474 1119 587 1170 ἔστι
627 1114 689 1171 δὲ
727 1116 819 1170 καὶ
858 1113 891 1186 ἡ
933 1121 1045 1171 ΑΓ
1077 1119 1143 1189 τῇ
1182 1121 1283 1172 ΓΒ
1323 1124 1438 1189 ἴση·
1484 1119 1578 1174 καὶ
1617 1116 1718 1191 ὅλη
1758 1117 1869 1191 ἄρα
1961 1109 1982 1171 ,Α

176 1201 210 1276 ἡ
244 1208 362 1259 ΚΓ
393 1201 494 1276 ὅλῃ
534 1207 601 1277 τῇ
633 1209 732 1260 ΓΛ
772 1212 864 1276 ἴση
906 1206 1078 1261 ἐστίν·
1125 1203 1264 1261 ὥστε
1302 1207 1396 1262 καὶ
1433 1204 1467 1278 ἡ
1507 1210 1621 1270 ΗΞ
1653 1211 1721 1281 τῇ
1750 1210 1871 1271 ΞΘ.
1958 1121 1982 1349 ξ

175 1291 210 1365 ἡ
243 1299 358 1349 ΗΘ
387 1292 496 1365 ἄρα
530 1296 657 1365 δίχα
687 1294 945 1365 τέτμηται
975 1291 1083 1349 ὑπὸ
1117 1298 1214 1365 τῆς
1245 1297 1424 1358 ΞΓΔ·
1462 1301 1560 1352 καί
1586 1299 1700 1353 ἐστι
1730 1317 1868 1368 παρ-

176 1382 416 1454 άλληλος
452 1386 519 1455 τῇ
559 1389 689 1438 AB·
746 1383 1038 1456 διάμετρος
1075 1381 1184 1455 ἄρα
1224 1385 1338 1440 ἐστὶ
1376 1385 1466 1441 καὶ
1505 1383 1540 1457 ἡ
1580 1388 1739 1449 ΞΓΔ
1776 1403 1870 1443 συ·
1954 1350 1970 1488 l

178 1470 342 1543 ζυγὴς
379 1475 445 1544 τῇ
484 1477 607 1528 ΑΒ.
1949 1491 1962 1551 ξ

1950 1588 1959 1613 ν

1949 1615 1961 1662 Q

294 1787 403 1855 Τῆς
433 1781 748 1855 ὑπερβολῆς
784 1785 875 1840 καὶ
906 1788 1003 1856 τῆς
1035 1787 1327 1852 ἐλλείψεως
1358 1787 1615 1858 ἑκατέρας
1647 1785 1679 1859 ἡ
1719 1791 1869 1860 διχο-
1955 1854 1960 1859 ,

175 1877 339 1945 τομία
377 1876 475 1944 τῆς
515 1875 815 1945 διαμέτρου
853 1875 1086 1945 κέντρον
1132 1878 1229 1946 τῆς
1266 1878 1439 1947 τομῆς
1475 1880 1783 1947 καλείσθω,
1829 1899 1863 1949 η
1962 1893 1977 1947 'g

176 1961 238 2018 δὲ
277 1959 384 2017 ἀπὸ
426 1964 527 2017 τοῦ
565 1963 798 2034 κέντρου
837 1962 976 2034 πρὸς
1010 1964 1111 2035 τὴν
1142 1962 1319 2036 τομὴν
1349 1970 1771 2038 προσπίπτουσα
1806 1968 1865 2022 ἐκ

174 2054 275 2107 τοῦ
314 2051 551 2118 κέντρου
590 2054 687 2122 τῆς
725 2054 909 2123 τομῆς.

287 2137 496 2212 ὁμοίως
544 2139 605 2194 δὲ
652 2141 742 2195 καὶ
782 2144 895 2196 τῶν
934 2138 1330 2213 ἀντικειμένων
1370 2141 1404 2213 ἡ
1446 2146 1733 2215 διχοτομία
1771 2146 1868 2214 τῆς
1955 2165 1977 2229 '3³

174 2234 408 2300 πλαγίας
446 2232 687 2300 πλευρᾶς
724 2230 957 2300 κέντρον
997 2235 1291 2288 καλείσθω.
1964 2262 1968 2268 «

286 2315 320 2389 ἡ
372 2317 432 2373 δὲ
480 2315 588 2373 ἀπὸ
635 2321 738 2373 τοῦ
784 2319 1021 2390 κέντρου
1066 2318 1277 2391 ἠγμένη
1333 2318 1481 2392 παρὰ
1525 2320 1867 2391 τεταγμένως

174 2408 524 2478 κατηγμένην
579 2407 751 2478 μέσον
795 2430 853 2462 τε
907 2407 1079 2479 λόγον
1127 2413 1331 2480 ἔχουσα
1376 2417 1490 2464 τῶν
1535 2411 1636 2464 τοῦ
1679 2410 1866 2473 εἴδους

174 2499 431 2568 πλευρῶν
462 2495 555 2550 καὶ
588 2498 715 2567 δίχα
746 2499 1054 2568 τεμνομένη
1086 2495 1194 2553 ὑπὸ
1229 2501 1331 2553 τοῦ
1363 2498 1599 2570 κέντρου
1632 2497 1863 2570 δευτέρα
1955 2546 1961 2562 ,

176 2584 471 2657 διάμετρος
508 2589 804 2639 καλείσθω.

891 1663 1039 1737 ὅροι
1081 1666 1155 1738 β’,
1373 1672 1379 1678 “
1952 1673 1982 1908 Q

293 2752 333 2792 3.
368 2747 482 2804 NA]
510 2761 586 2803 cv,
620 2748 715 2791 ΝΛ
739 2746 818 2791 uel
841 2750 942 2791 MA
960 2748 1013 2803 V,
1048 2752 1136 2792 ΚΛ
1160 2764 1205 2806 p.
1301 2753 1369 2792 10.
1402 2744 1514 2806 ἄρα]
1550 2743 1643 2803 ἄρα
1667 2747 1754 2790 καί
1781 2760 1861 2804 cp,

174 2802 269 2862 ἄρα
295 2802 419 2851 ἐστίν
453 2807 686 2851 Eutocius.
811 2812 878 2851 13.
911 2808 1067 2866 ΞΓΔ]
1104 2823 1172 2865 cv,
1207 2810 1251 2852 Γ
1275 2808 1361 2852 ins.
1393 2822 1453 2853 m.
1489 2813 1510 2851 1
1546 2806 1607 2859 V;
1642 2807 1787 2854 ΔΓΞ
1814 2820 1859 2862 p.

174 2862 725 2981 ιώΞὲῇῑὲἷζτιτικειμένοον
757 2866 819 2922 V3
859 2879 975 2912 corr,
1009 2880 1125 2924 cvp.
1249 2872 1318 2911 23.
1351 2863 1774 2924 παρατεταγμένως
1805 2865 1861 2920 V,
