1982 3178
125 67 131 74 ⁴
189 85 259 138 72
848 87 1127 132 ΚΩΝΙΚΩΝ
1159 83 1226 134 α’.
1840 100 1843 101 ’
1947 61 1982 151 ’)

186 209 484 278 συμπίπτει
531 203 671 279 αὐτῇ
719 203 753 277 ἡ
793 213 846 261 A
857 212 936 277 A,
982 210 1082 261 καί
1123 208 1237 263 ἐστι
1284 210 1350 281 τῇ
1390 206 1704 283 κατηγμένῇ
1749 229 1883 282 παρ·

187 294 428 367 άλληλος
451 292 485 366 ἡ
506 299 626 364 ΒΓ,
659 294 750 349 καὶ
782 292 816 366 ἡ
850 299 959 351 ΒΓ
983 293 1094 368 ἄρα
1126 307 1483 368 συμπεσεῖται
1511 301 1579 372 τῇ
1604 304 1736 355 ΑΔ.
1789 298 1882 355 καὶ
1948 308 1953 346 ³¹

186 387 240 440 εἰ
283 383 385 456 μὲν
425 381 628 456 μεταξὺ
657 386 774 440 τῶν
811 391 889 455 Α,
923 390 979 439 Δ
1026 390 1296 457 σημείων,
1344 385 1623 458 φανερόν,
1651 383 1752 444 ςὅτι
1788 387 1883 444 καὶ

186 476 253 547 τῇ
286 476 426 546 τομῇ
459 472 833 544 συμπεσεῖται,
875 477 926 529 εἰ
957 475 1020 530 δὲ
1052 473 1205 540 ἐκτὸς
1234 477 1337 531 τοῦ
1362 482 1418 531 Δ
1457 473 1530 542 ὡς
1558 474 1697 532 κατὰ
1727 474 1790 533 τὸ
1816 483 1883 547 Ε,
1918 477 1919 480 '
1954 535 1955 538 ,

128 579 157 621 5
187 564 460 635 πρότερον
484 565 550 635 τῇ
581 566 721 635 τομῇ
748 575 1118 635 συμπεσεῖται.
1179 564 1213 636 ἡ
1247 565 1358 637 ἄρα
1388 562 1497 621 ἀπὸ
1529 568 1632 622 τοῦ
1657 571 1703 621 Β
1733 585 1882 638 παρα
1947 580 1949 582 ’

186 652 533 724 τεταγμένως
554 654 906 724 κατηγμένην
930 650 1174 726 ἀγομένη
1205 651 1400 710 εὐθεῖα
1432 666 1787 727 συμπεσεῖται
1816 657 1883 729 τῇ
1948 654 1953 698 l

188 763 344 815 τομῇ.

1955 243 1961 298 ἰ’

1009 802 1079 858 κ’.
1966 804 1978 854 ἒ

295 903 428 961 Ἐὰν
476 906 536 961 ἐν
582 908 873 979 παραβολῇ
922 904 1029 961 ἀπὸ
1070 909 1168 977 τῆς
1206 909 1378 978 τομῆς
1415 909 1737 978 καταχθῶσι
1776 903 1885 963 δύο

190 993 409 1052 εὐθεῖαι
456 995 543 1051 ἐπὶ
590 994 693 1066 τὴν
734 994 1035 1067 διάμετρον
1081 996 1449 1067 τεταγμένως,
1505 999 1656 1051 ἔσται
1703 993 1780 1062 ὥς
1814 993 1882 1051 τὰ

102 1098 158 1139 10
189 1083 285 1140 ἀπ’
334 1083 521 1140 αὐτῶν
566 1083 889 1156 τετράγωνα
936 1082 1075 1156 πρὸς
1122 1082 1360 1156 ἄλληλα,
1418 1081 1595 1150 οὕτως
1642 1087 1704 1140 αἱ
1754 1082 1885 1140 ἄπο·

189 1173 523 1246 τεμνόμεναι
576 1170 671 1229 ὑπ’
725 1171 913 1229 αὐτῶν
967 1171 1074 1229 ἀπὸ
1131 1177 1229 1245 τῆς
1283 1173 1583 1244 διαμέτρου
1627 1172 1768 1246 πρὸς
1818 1175 1887 1246 τῇ

189 1267 413 1336 κορυφῇ
453 1265 550 1335 τῆς
587 1265 770 1334 τομῆς·
1974 1302 1982 1335 22

304 1356 440 1407 ἔστω
481 1352 790 1424 παραβολή,
829 1343 896 1422 ἧς
933 1350 1227 1423 διάμετρος
1266 1348 1299 1421 ἡ
1334 1357 1461 1419 ΑΒ,
1500 1351 1592 1406 καὶ
1631 1350 1887 1422 εἰλήφθω
1975 1350 1982 1385 ³

190 1440 317 1496 τινὰ
367 1452 565 1512 σημεῖα
614 1441 695 1496 ἐπ’
732 1439 905 1511 αὐτῆς
942 1438 1008 1494 τὰ
1049 1444 1119 1510 Γ,
1154 1446 1232 1510 Δ,
1280 1439 1373 1494 καὶ
1420 1437 1528 1495 ἀπὸ
1574 1443 1688 1496 τῶν
1727 1444 1791 1512 Γ,
1831 1446 1887 1495 Λ
1970 1387 1982 1512 i

104 1542 159 1583 15
191 1531 535 1602 τεταγμένως
586 1529 959 1601 κατήχθωσαν
1015 1529 1102 1584 ἐπὶ
1155 1527 1259 1600 τὴν
1315 1534 1423 1584 ΑΒ
1480 1531 1541 1584 αἰ
1591 1533 1720 1600 ΓΕ,
1762 1535 1888 1585 ΔΖ.
1969 1541 1982 1670 ἱ

192 1619 361 1690 λέγω,
418 1617 503 1674 ὅτι
551 1620 726 1689 ἐστίν,
783 1616 857 1683 ὡς
902 1616 964 1674 τὸ
1013 1616 1120 1674 ἀπὸ
1164 1623 1274 1673 ΔΖ
1321 1615 1459 1690 πρὸς
1505 1616 1567 1674 τὸ
1617 1616 1724 1675 ἀπὸ
1764 1623 1887 1690 ΓΕ,
1975 1678 1982 1695 .

194 1706 373 1773 οὕτως
412 1705 445 1779 ἡ
490 1714 595 1764 ΖΑ
634 1707 775 1780 πρὸς
813 1713 937 1763 ΑΕ.
1976 1697 1982 1717 ⁵

306 1801 444 1852 ἔστω
483 1796 590 1869 γὰρ
625 1796 753 1867 παρ’
784 1793 856 1867 ἦν
891 1797 1162 1852 δύνανται
1195 1798 1256 1851 αί
1283 1795 1658 1867 καταγόμεναι
1687 1793 1722 1867 ἡ
1748 1801 1888 1851 AH·
1980 1787 1982 1793 ¹

195 1893 321 1942 ἴσον
367 1885 479 1957 ἄρα
527 1886 642 1941 ἐστὶ
688 1887 749 1941 τὸ
800 1885 902 1956 μὲν
957 1883 1064 1940 ἀπὸ
1112 1888 1209 1955 τῆς
1257 1890 1366 1939 ΔΖ
1419 1888 1495 1958 τῷ
1543 1883 1652 1941 ὑπὸ
1700 1889 1890 1955 ZAH,

105 1987 163 2028 20
194 1974 256 2031 τὸ
307 1974 369 2030 δὲ
415 1973 522 2030 ἀπὸ
570 1978 667 2045 τῆς
707 1979 813 2029 ΓΕ
857 1977 932 2049 τῷ
982 1971 1089 2029 ὑπὸ
1138 1977 1251 2029 τῶν
1291 1979 1483 2029 ΕΑΗ.
1564 1978 1715 2029 ἔστιν
1761 1971 1887 2044 ἄρα,

196 2062 272 2130 ὡς
309 2063 372 2120 τὸ
414 2061 525 2119 ἀπὸ
551 2069 660 2118 ΔΖ
699 2062 839 2133 πρὸς
876 2062 937 2118 τὸ
981 2061 1088 2118 ἀπὸ
1115 2067 1236 2131 ΓΕ,
1277 2060 1455 2126 οὕτως
1483 2060 1545 2118 τὸ
1579 2058 1689 2117 ὑπὸ
1717 2065 1899 2116 ZAH

195 2152 334 2226 πρὸς
371 2151 433 2210 τὸ
473 2150 583 2208 ὑπὸ
610 2158 802 2207 ΕΑΗ.
865 2149 940 2217 ὥς
972 2151 1033 2207 δὲ
1065 2149 1127 2207 τὸ
1159 2149 1267 2207 ὑπὸ
1296 2155 1476 2205 ΖΑΗ
1508 2148 1646 2222 πρὸς
1677 2147 1739 2206 τὸ
1771 2147 1886 2205 ὑπὸ

197 2248 393 2314 ΕΑΗ,
435 2240 610 2307 οὕτως
642 2239 675 2313 ἡ
704 2239 980 2312 ΖΑπρὸς
1005 2247 1136 2296 ΑΕ·
1176 2241 1268 2295 καὶ
1301 2237 1376 2306 ὡς
1407 2238 1515 2312 ἄρα
1546 2238 1609 2296 τὸ
1643 2235 1751 2295 ἀπὸ
1777 2243 1888 2293 ΛΖ

195 2331 335 2406 πρὸς
372 2330 435 2388 τὸ
478 2330 585 2387 ἀπὸ
627 2335 746 2400 ΓΕ,
790 2330 966 2395 οὕτως
1005 2327 1038 2400 ἡ
1082 2336 1188 2385 ΖΑ
1224 2327 1365 2402 πρὸς
1403 2335 1526 2384 ΑΕ.

107 2490 164 2531 25
991 2476 1098 2533 κα’.

304 2583 438 2640 Ἐὰν
479 2586 539 2639 ἐν
580 2580 861 2654 ὑπερβολῇ
900 2578 934 2652 ἢ
977 2582 1214 2646 ἐλλείψει
1253 2579 1288 2651 ἢ
1329 2577 1538 2634 κύκλου
1567 2580 1891 2651 περιφερείᾳ

198 2671 418 2730 εὐθεῖαι
458 2670 678 2745 ἀχθῶσι
716 2670 1059 2741 τεταγμένως
1099 2670 1187 2725 ἐπὶ
1226 2667 1329 2740 τὴν
1369 2666 1696 2739 διάμετρον,
1737 2671 1890 2723 ἔσται

319 2843 357 2882 7.
391 2834 461 2911 κ’]
487 2852 533 2893 p,
566 2851 654 2881 om.
674 2836 728 2891 V,
761 2850 821 2880 m.
847 2839 872 2879 2
897 2848 939 2878 v.
1031 2837 1101 2905 25'.
1135 2828 1240 2890 noc']
1266 2847 1312 2888 p,
1345 2844 1434 2876 om.
1456 2830 1509 2885 V,
1542 2844 1601 2874 m.
1624 2834 1650 2873 2
1674 2844 1717 2874 v.
1811 2832 1888 2873 26.

198 2894 251 2957 ἤ]
286 2897 405 2954 (alb.)
438 2913 466 2952 η
501 2895 562 2951 V;
596 2909 710 2941 corr.
743 2910 788 2952 p.
910 2907 1191 2950 περιφερεια
1223 2891 1285 2946 V3
1319 2904 1432 2935 corr.
1464 2903 1511 2946 p.
