1942 3172
634 92 990 134 CONICORUM
1020 93 1199 135 LIBER
1228 94 1263 137 Ι.
1755 93 1787 145 9

218 210 267 264 5.
309 208 569 265 Similiter
599 230 725 264 uero
761 211 923 264 etiam
956 212 1176 264 duarum
1209 212 1473 265 linearum
1505 231 1788 266 curuarum

105 298 163 351 in
208 318 316 353 uno
362 302 525 369 plano
572 300 871 370 positarum
918 300 1237 354 diametrum
1283 304 1650 354 transuersam
1698 302 1788 354 ad-

105 387 251 455 pello
305 392 528 458 rectam,
585 407 716 458 quae
772 388 901 442 duas
956 389 1077 441 illas
1131 389 1301 441 lineas
1360 408 1546 442 secans
1604 408 1785 443 omnes

105 479 279 528 rectas
319 478 373 529 in
414 480 640 546 utraque
679 477 820 528 linea
857 479 1035 529 rectae
1076 477 1235 530 alieui
1274 478 1560 546 parallelas
1598 478 1786 531 ductas

105 564 164 616 in
194 565 348 617 binas
379 568 561 634 partes
594 565 846 634 aequales
875 567 1035 634 secat,
1067 565 1292 617 uertices
1319 569 1497 618 autem
1522 567 1788 620 linearum

104 654 365 706 terminos
428 654 673 706 diametri
733 653 788 705 in
849 653 990 706 linea
1042 654 1274 723 positos,
1340 658 1539 707 rectam
1596 659 1789 725 autem,

107 761 242 811 quae
280 743 419 795 inter
458 743 587 795 duas
627 743 794 795 lineas
833 742 1011 811 posita
1051 761 1234 795 omnes
1272 746 1446 796 rectas
1485 748 1661 797 rectae
1695 745 1786 798 ali-

107 832 512 900 euiparallelas
553 831 737 884 ductas
779 833 832 883 et
868 831 1013 886 inter
1051 831 1218 884 lineas
1259 832 1497 885 abscisas
1538 834 1594 884 in
1634 833 1790 886 binas

105 922 290 988 partes
345 920 591 989 aequales
645 922 811 995 secat,
867 920 1109 988 singulas
1158 922 1337 972 autem
1383 922 1674 989 parallelas
1723 923 1789 975 ad

107 1009 428 1062 diametrum
468 1009 708 1062 ordinate
749 1008 937 1061 ductas
979 1026 1107 1061 esse.

217 1097 265 1150 6.
347 1095 675 1166 Coniugatas
739 1097 1028 1150 diametros
1089 1098 1301 1167 adpello
1358 1099 1557 1152 lineae
1593 1118 1788 1154 curuae

106 1185 436 1254 duarumque
467 1185 729 1238 linearum
763 1204 1046 1238 curuarum
1077 1189 1268 1255 rectaS‚
1308 1206 1533 1256 quarum
1565 1191 1809 1258 utraque*

108 1273 400 1327 diametrus
435 1277 516 1326 est
548 1278 601 1327 et
632 1277 806 1327 rectas
844 1275 1001 1327 alteri
1032 1275 1316 1343 parallelas
1341 1276 1398 1327 in
1424 1277 1580 1329 binas
1605 1280 1787 1346 partes

108 1364 356 1432 aequales
398 1367 557 1417 secat.

220 1453 266 1505 7.
320 1452 493 1504 Axem
540 1470 668 1504 uero
707 1452 880 1504 lineae
921 1470 1115 1504 euruae
1154 1453 1481 1523 duarumque
1521 1453 1786 1506 linearum

30 1564 32 1567 ’
107 1544 389 1593 curuarum
438 1543 640 1594 rectam
688 1540 925 1609 adpe110‚
973 1559 1109 1609 quae
1155 1541 1445 1594 diametrus
1490 1545 1572 1595 est
1617 1543 1788 1596 lineae

105 1629 439 1681 linearumue
481 1632 534 1681 et
572 1629 862 1697 parallelas
904 1629 969 1680 ad
1011 1630 1236 1698 angulos
1276 1633 1450 1682 rectos
1493 1634 1653 1683 secat.

222 1718 269 1770 8.
302 1718 445 1770 Axes
470 1717 788 1786 coniugatos
814 1717 1028 1786 adpello
1052 1717 1224 1770 lineae
1250 1736 1442 1770 euruae
1461 1718 1788 1788 duarumque

105 1806 368 1858 linearum
417 1824 702 1859 curuarum
749 1808 922 1858 rectas
935 1847 948 1874 ‚
997 1824 1132 1875 quae
1177 1806 1422 1858 diametri
1469 1808 1788 1876 coniugatae

109 1898 234 1947 sunt
251 1898 303 1947 et
321 1896 488 1948 altera
506 1895 726 1948 alterius
744 1895 1034 1964 parallelas
1053 1895 1118 1946 ad
1136 1897 1309 1947 rectos
1336 1896 1563 1964 angulos
1587 1900 1787 1949 secant.

924 1999 965 2052 Ι.
1508 2047 1512 2050 .

216 2073 414 2125 Rectae
477 2092 508 2125 a
569 2074 768 2126 uertice
831 2070 1127 2143 superficiei
1188 2071 1404 2124 eonieae
1470 2071 1533 2124 ad
1586 2076 1788 2141 puncta

1123 2160 1429 2228 superficiei·
1482 2159 1670 2213 ductae
1732 2162 1787 2213 in

186 2224 229 2262 A
477 2218 520 2255 A
778 2205 838 2284 &A
883 2199 886 2204 Ι
950 2295 998 2339 B
1123 2248 1400 2315 superficie
1443 2252 1583 2301 sunt.

858 2343 906 2381 Γ
1233 2335 1304 2388 sit
1351 2337 1657 2405 superficies
1699 2355 1787 2390 co-

582 2445 626 2487 A
1121 2424 1256 2492 nica,
1278 2425 1425 2476 euius
1445 2428 1627 2477 uertex
1647 2425 1718 2477 sit
1735 2430 1788 2477 A

477 2546 520 2583 B
788 2464 882 2666 f
1120 2514 1405 2580 punctum,
1450 2515 1503 2564 et
1543 2515 1785 2565 sumatur

136 2607 182 2648 Z
339 2603 403 2645 J]
449 2631 493 2674 Z
652 2628 702 2667 B
1120 2599 1176 2651 in
1253 2600 1528 2668 superficie
1603 2601 1788 2653 conica

104 2679 151 2723 B
737 2663 776 2703 Z
993 2653 1044 2696 Ε
1119 2691 1375 2755 punctum
1401 2687 1618 2756 aliquod
1641 2691 1704 2756 B,
1733 2691 1787 2740 et

111 2773 335 2826 ducatur
372 2778 518 2826 recta
569 2774 747 2842 aliqua
793 2777 986 2829 ΑΓΒ.
1077 2775 1219 2844 dice,
1271 2778 1471 2828 rectam
1518 2778 1681 2828 ΑΓΒ
1727 2776 1786 2828 in

112 2862 393 2927 superficie
433 2880 561 2915 esse.
