1982 3178
183 111 256 164 64
787 101 790 103 ’
844 111 1123 156 mmmm
1153 107 1221 155 α’.
1839 148 1842 149 ⁷
1916 91 1982 148 sz‘

184 232 334 302 ἰ’ση·’
376 228 516 287 ὥστε
561 229 654 286 καὶ
700 227 734 301 ἡ
775 234 892 285 ΗΘ
936 238 1001 302 τῇ
1044 234 1170 284 ΘΦ.
1248 226 1283 300 ἡ
1327 227 1436 299 ἄρα
1474 232 1594 284 ΘΗ
1627 229 1885 299 ἐκβαλλο-
1948 231 1951 236 ’

183 320 322 391 μένη
372 321 473 385 ἕως
519 322 620 374 τοῦ
661 318 854 391 ἑτέρου
889 319 1092 390 μέρους
1129 321 1227 389 τῆς
1264 320 1436 390 τομῆς
1467 320 1595 389 δίχα
1631 317 1885 388 τέμνεται
1957 332 1960 333 ’

181 406 292 464 ὑπὸ
331 411 428 479 τῆς
467 414 590 464 ΔΘ.

989 539 1080 599 ις’.

127 664 153 704 5
257 642 389 699 Ἐὰν
438 642 533 708 διὰ
572 646 671 715 τῆς
710 647 1032 715 διχοτομίας
1069 646 1166 714 τῆς
1212 646 1448 714 πλαγίας
1485 646 1731 717 πλευρᾶς
1768 645 1882 699 τῶν

185 731 588 804 ἀντικειμένων
635 729 785 806 ἀχθῇ
825 754 906 798 τις
946 732 1146 788 εὐθεῖα
1184 730 1332 805 παρὰ
1381 732 1725 804 τεταγμένως
1762 753 1883 787 κατ·
1947 739 1949 742 ⁴

184 822 459 894 ηγμένην,
508 820 804 894 διάμετρος
851 825 1004 876 ἔσται
1050 824 1164 877 τῶν
1205 818 1604 893 ἀντικειμένων
1645 819 1883 892 συζυγὴς
1953 819 1969 893 ⁷„

183 914 249 984 τῇ
289 910 728 984 προϋπαρχούσῃ
771 911 1063 985 διαμέτρῳ.

297 1005 547 1056 ἔστωσαν
595 997 998 1071 ἆντικείμεναι,
1055 1022 1136 1055 ων
1185 998 1481 1071 διαμετρος
1526 998 1560 1070 ἡ
1602 1004 1736 1069 ΑΒ,
1790 997 1883 1054 καὶ

97 1107 151 1146 10
183 1088 474 1160 τετμήσθω
518 1093 645 1161 δίχα
676 1086 710 1159 ἡ
737 1095 845 1144 ΑΒ
885 1087 1024 1143 κατὰ
1057 1092 1118 1144 τὸ
1146 1093 1207 1158 Γ,
1246 1089 1339 1144 καὶ
1380 1086 1473 1143 διὰ
1511 1091 1614 1144 τοῦ
1637 1092 1691 1143 Γ
1721 1085 1881 1159 ἤχθω
1958 1112 1982 1162 ιζ,Ἰ

182 1177 332 1251 παρὰ
378 1179 723 1249 τεταγμένως
766 1180 1116 1249 κατηγμένην
1155 1175 1189 1248 ἡ
1229 1182 1347 1232 ΓΔ.
1424 1177 1595 1248 λέγω,
1640 1175 1724 1232 ὅτι
1765 1175 1884 1231 διά·
1965 1167 1982 1230 ἶ

184 1267 383 1340 μετρός
423 1268 573 1322 ἐστιν
613 1263 647 1337 ἡ
689 1272 794 1322 ΓΛ
834 1264 1072 1337 συζυγὴς
1110 1268 1175 1338 τῇ
1216 1272 1338 1321 ΑΒ.

296 1358 547 1409 ἔστωσαν
584 1353 692 1425 γὰρ
734 1351 865 1424 παρ’
903 1351 969 1420 ἃς
1010 1353 1283 1410 δύνανται
1322 1356 1384 1408 αἱ
1417 1351 1792 1428 καταγόμεναι
1825 1355 1887 1408 αἱ
1966 1341 1971 1344 ”

184 1450 313 1514 ΑΕ,
346 1449 451 1498 ΒΖ
499 1443 744 1514 εὐθεῖαι,
791 1443 883 1499 καὶ
932 1446 1338 1515 ἐπιζευχθεῖσαι
1385 1446 1446 1498 αἱ
1481 1449 1614 1514 ΑΖ,
1646 1448 1759 1499 ΒΕ
1800 1444 1884 1498 ἐκ·
1948 1346 1971 1547 ἰ

99 1552 151 1591 15
185 1531 612 1604 βεβλήσθωσαν,
637 1532 729 1587 καὶ
755 1532 1010 1604 εἰλήφθω
1034 1554 1087 1587 τι
1113 1532 1199 1588 ἐπὶ
1228 1535 1323 1603 τῆς
1348 1532 1535 1603 ἑτέρας
1557 1534 1670 1588 τῶν
1693 1534 1883 1602 τομῶν
1945 1542 1965 1611 ζ

183 1620 356 1693 τυχὸν
396 1632 628 1692 σημεῖον
660 1619 722 1676 τὸ
759 1626 832 1692 Η,
872 1621 964 1676 καὶ
1006 1618 1098 1676 διὰ
1140 1620 1241 1691 μὲν
1281 1623 1381 1676 τοῦ
1414 1626 1480 1675 Η
1510 1629 1576 1693 τῇ
1601 1625 1708 1674 ΑΒ
1747 1639 1884 1692 παρ·
1950 1614 1962 1658 ·“Ϊ

185 1709 425 1781 άλληλος
464 1709 623 1782 ἤχθω
663 1707 698 1781 ἡ
741 1716 871 1779 ΗΘ,
911 1707 1020 1764 ἀπὸ
1063 1709 1125 1765 δὲ
1163 1713 1276 1765 τῶν
1315 1714 1391 1780 Η,
1425 1715 1471 1764 Θ
1509 1708 1883 1780 κατήχθωσαν
1950 1653 1974 1791 5³

183 1800 529 1870 τεταγμένως
553 1802 614 1853 αἶ
633 1804 771 1868 ΗΚ,
797 1804 922 1869 ΘΛ,
963 1797 1057 1853 διὰ
1084 1797 1147 1853 δὲ
1170 1800 1283 1854 τῶν
1309 1803 1381 1868 Κ,
1406 1802 1458 1852 A
1480 1808 1599 1863 ταῖς
1621 1803 1751 1867 ΑΕ,
1776 1802 1884 1851 ΒΖ
1956 1788 1982 1875 ΤΞ

185 1886 531 1958 παράλληλοι
563 1888 834 1959 ἤχθωσαν
868 1889 930 1941 αἱ
950 1892 1097 1957 ΚΜ,
1124 1892 1257 1941 ΛΝ.
1319 1886 1434 1941 ἐπεὶ
1467 1878 1573 1942 οὖν
1606 1892 1698 1956 ἴση
1732 1885 1883 1941 ἐστὶν
1960 1874 1982 1936 ἶ

97 1995 153 2035 20
185 1973 220 2046 ἡ
256 1981 379 2031 HK
415 1979 481 2049 τῇ
513 1981 640 2045 ΘΛ,
681 1982 807 2031 ἴσον
847 1973 957 2047 ἄρα
988 1975 1081 2030 καὶ
1119 1975 1181 2031 τὸ
1224 1972 1331 2030 ἀπὸ
1372 1978 1470 2046 τῆς
1501 1979 1625 2030 ΗΚ
1655 1977 1732 2051 τῷ
1772 1971 1880 2029 ἀπὸ
1964 1964 1978 2020 ’λ

167 2063 281 2136 Ιτῆς
313 2071 436 2120 ΘΛ.
499 2062 639 2119 ἀλλὰ
680 2063 743 2119 τὸ
784 2063 887 2135 μὲν
924 2061 1035 2119 ἀπὸ
1067 2067 1164 2134 τῆς
1195 2069 1320 2119 ΗΚ
1357 2071 1483 2119 ἴσον
1517 2064 1631 2119 ἐστὶ
1663 2066 1740 2138 τῷ
1772 2059 1883 2118 ὑπὸ

184 2156 298 2210 τῶν
322 2159 532 2223 ΑΚΜ,
571 2153 634 2209 τὸ
662 2152 723 2208 δὲ
748 2151 857 2208 ἀπὸ
881 2161 978 2224 τῆς
1003 2158 1110 2208 ΘΛ
1150 2160 1278 2208 ἴσον
1311 2156 1387 2228 τῷ
1412 2150 1520 2208 ὑπὸ
1546 2155 1660 2208 τῶν
1685 2156 1882 2207 BAN·
1955 2151 1976 2229 ‘J'

184 2240 246 2298 τὸ
289 2240 398 2314 ἄρα
436 2239 546 2297 ὑπὸ
580 2246 776 2297 ΑΚΜ
791 2249 934 2296 λ’σον
976 2241 1089 2297 ἐστὶ
1130 2244 1206 2316 τῷ
1245 2238 1355 2296 ὑπὸ
1389 2245 1580 2296 BAN.
1640 2240 1733 2295 καὶ
1766 2239 1881 2295 ἐπεὶ
1967 2252 1976 2271 ·’

187 2338 279 2402 ἴση
314 2331 467 2386 ἐστὶν
497 2329 531 2401 ἡ
559 2338 612 2385 Λ
623 2338 673 2386 Ε
702 2334 767 2403 τῇ
790 2336 911 2400 ΒΖ,
944 2334 1095 2386 ἔστιν
1128 2328 1255 2402 ἄρα,
1288 2327 1362 2394 ὡς
1392 2326 1426 2400 ἡ
1451 2334 1566 2383 ΑΕ
1592 2326 1730 2400 πρὸς
1753 2334 1881 2399 ΑΒ,
1951 2359 1954 2369 ·

98 2437 155 2477 25
189 2420 365 2486 οὕτως
395 2417 430 2490 ἡ
463 2425 569 2474 ΒΖ
607 2418 745 2491 πρὸς
775 2425 905 2473 ΒΑ.
967 2416 1090 2474 ἀλλ’
1128 2416 1202 2484 ὡς
1234 2418 1337 2490 μὲν
1368 2416 1402 2489 ἡ
1436 2424 1549 2472 ΛΕ
1582 2415 1722 2489 πρὸς
1752 2422 1881 2487 ΑΒ,

188 2506 365 2574 οὕτως
403 2505 437 2579 ἡ
471 2513 603 2563 ΜΚ
638 2506 778 2579 πρὸς
810 2512 938 2576 ΚΒ,
979 2505 1056 2573 ὡς
1088 2507 1149 2562 δὲ
1180 2505 1214 2578 ἡ
1241 2513 1342 2562 ΖΒ
1377 2505 1515 2579 πρὸς
1539 2511 1665 2575 BA,
1706 2503 1883 2570 οὕτως

186 2593 219 2667 ἡ
253 2602 373 2652 ΝΛ
404 2595 542 2669 πρὸς
575 2601 703 2652 ΛΑ.
763 2596 856 2650 καὶ
889 2593 962 2660 ὡς
994 2595 1104 2667 ἄρα
1136 2593 1170 2667 ἡ
1206 2601 1335 2650 ΜΚ
1366 2593 1506 2667 πρὸς
1538 2599 1665 2665 ΚΒ,
1705 2592 1882 2660 οὕτως

307 2784 626 2859 1η](ρι·)Ρ
660 2787 824 2833 omV
917 2792 958 2831 4.
994 2784 1559 2845 tg',]p‚.ome..2v
1655 2790 1881 2858 6.παρα-

185 2861 262 2889 τετ
238 2844 413 2918 ταγμέν
417 2863 478 2898 ως
510 2846 782 2903 κατηγμένη
815 2846 876 2900 V;
910 2860 1026 2891 corr.
1058 2845 1241 2903 Halley.
1351 2849 1420 2889 11.
1453 2841 1879 2901 παρατεταγμένως

186 2921 274 2948 κατ
277 2903 455 2962 ηγμένη
488 2906 550 2962 V;
585 2919 698 2952 corr.
733 2904 919 2955 Halley
1057 2910 1127 2949 21
1163 2905 1284 2963 ἴσον]
1321 2917 1408 2949 om.
1442 2904 1505 2959 V3
1538 2918 1653 2948 corr.
1685 2917 1730 2960 p.
