1982 3178
649 110 1005 155 comcoRUM
1022 109 1216 150 LIBER
1245 108 1281 149 1.
1545 171 1547 173 Ι
1736 102 1807 154 23

127 251 438 290 concurrere
499 234 554 285 et
614 231 681 284 ad
742 230 968 283 alteram
1028 230 1240 297 partem
1303 225 1425 280 coni
1479 224 1809 293 productam,

128 324 295 377 donec
334 341 456 375 cum
495 319 773 390 superficie
807 318 919 372 eius
952 319 1249 384 concurrat,
1290 334 1321 367 a
1352 314 1516 383 plano
1549 312 1809 382 trianguli

126 414 298 466 ΑΒΓ
328 412 384 464 in
424 410 554 463 duas
593 410 774 477 partes
818 407 1066 476 aequales
1109 404 1290 458 secari.

238 500 465 553 ducatur
501 501 617 551 AA
663 499 716 549 ct
763 495 1115 565 producatur3
1161 495 1441 546 concurret
1480 491 1650 562 igitur
1688 508 1808 543 cum

130 590 334 643 ambitu
373 588 554 641 circuli
593 588 702 639 ΒΓ
735 588 908 654 [prop.
938 583 1005 650 I].
1075 584 1360 636 concurrat
1398 582 1454 633 in
1492 583 1561 649 K,
1601 581 1654 632 et
1695 597 1726 631 a
1757 581 1814 630 K

130 677 194 730 ad
253 679 363 731 ΒΓ
414 674 869 745 perpendicularis
935 672 1158 725 ducatur
1212 672 1268 722 K
1277 672 1405 738 ΘΛ,
1467 668 1647 737 itaque
1700 670 1812 719 ΚΘ

128 768 303 819 rectae
349 767 486 817 MN
524 762 788 832 parallela
835 764 918 814 est
968 760 1141 827 [Eucl.
1187 758 1228 827 I,
1274 759 1392 826 28];
1441 774 1603 825 quare
1650 755 1812 808 etiam

128 856 310 907 rectae
330 856 385 905 Δ
394 857 445 905 Ε
470 851 643 919 [Eucl.
665 851 758 920 XI,
783 852 856 917 9].
913 850 1136 902 ducatur
1169 849 1235 901 ab
1260 851 1314 900 A
1347 846 1413 899 ad
1438 849 1484 898 Θ
1515 848 1662 898 recta
1688 848 1740 897 Α
1750 847 1811 896 Θ.

128 942 237 995 iam
277 943 534 1011 quoniam
571 942 629 993 in
667 940 942 1010 triangulo
982 940 1157 991 ΑΘΚ
1191 939 1371 989 rectae
1403 936 1517 988 ΘΚ
1550 933 1813 1003 parallela

130 1034 214 1084 est
237 1036 292 1083 Δ
302 1034 364 1100 Ε,
397 1034 512 1083 ΔΕ
539 1028 799 1099 producta
830 1047 950 1081 cum
976 1031 1084 1080 ΑΘ
1111 1027 1394 1080 concurret
1421 1021 1597 1092 [Eucl.
1620 1021 1714 1091 VI,
1739 1022 1812 1088 2].

127 1137 315 1172 uerum
348 1124 400 1172 Α
411 1122 458 1171 Θ
487 1120 547 1171 in
577 1118 740 1187 plano
772 1117 1031 1186 trianguli
1062 1117 1230 1168 ΑΒΓ
1254 1114 1433 1182 posita
1465 1114 1559 1165 est.
1629 1111 1811 1180 itaque

131 1212 186 1260 Δ
195 1212 247 1260 Ε
283 1225 403 1261 cum
442 1207 607 1277 plano
645 1205 909 1276 trianguli
947 1206 1117 1258 ΑΒΓ
1149 1204 1440 1256 concurret.

241 1297 400 1348 simul
446 1295 956 1363 demonstrauimUS,
1003 1311 1120 1346 cam
1167 1292 1332 1345 etiam
1378 1308 1500 1343 cum
1539 1277 1647 1342 ΑΘ
1686 1306 1813 1341 con-

131 1402 356 1438 currere.
425 1387 711 1437 concurrat
749 1383 803 1435 in
837 1387 897 1449 Z,
937 1384 990 1434 et
1024 1385 1078 1434 Δ
1087 1384 1132 1433 Ζ
1170 1380 1226 1433 in
1265 1379 1525 1432 directum
1558 1376 1814 1447 produca-

129 1477 232 1542 tur,
277 1473 445 1526 donec
492 1490 612 1525 cum
662 1472 945 1539 superficie
994 1469 1113 1522 coni
1152 1470 1450 1521 concurrat.
1529 1467 1815 1519 concurrat

54 1578 56 1581 ’
130 1561 187 1613 in
225 1562 296 1614 H.
374 1554 515 1628 dic0,
554 1577 668 1612 esse
709 1562 819 1611 AZ
846 1584 915 1600 =
942 1560 1064 1610 ZH.

242 1667 368 1701 nam
416 1649 673 1718 quoniam
718 1650 918 1716 puncta
957 1651 1032 1716 A,
1070 1649 1148 1715 H,
1188 1648 1239 1698 A
1278 1647 1333 1698 in
1377 1643 1654 1713 superficie
1694 1643 1815 1696 coni

132 1739 277 1805 sunt,
320 1755 507 1789 uerum
546 1736 710 1788 ctiam
750 1736 806 1787 in
843 1736 1006 1804 plano
1046 1753 1143 1803 per
1180 1737 1233 1786 A
1245 1736 1312 1802 Θ,
1350 1736 1488 1802 ΑΚ,
1528 1734 1663 1801 ΔΗ,
1701 1735 1758 1785 Κ
1768 1733 1819 1782 Λ

133 1825 307 1892 duct0,
340 1825 480 1894 quod
510 1824 812 1894 triangulus
837 1827 919 1876 est
942 1841 1038 1891 per
1053 1823 1317 1884 ,uerticem
1341 1822 1465 1875 coni
1497 1823 1672 1889 [prop.
1695 1819 1818 1888 III],

131 1916 332 1982 puncta
369 1919 436 1982 A,
475 1916 547 1982 H,
585 1915 636 1964 A
674 1914 731 1964 in
770 1912 1040 1965 communi
1080 1912 1312 1972 sectione
1353 1909 1655 1979 superficiei
1694 1909 1817 1962 coni

132 2002 494 2072 triangulique
543 2003 680 2054 sunt.
764 2001 945 2070 itaque
993 2001 1134 2054 linea
1180 2018 1275 2068 per
1323 2004 1396 2069 A,
1439 2002 1518 2067 H,
1539 2001 1609 2050 .Λ
1657 1997 1816 2051 ducta

133 2093 279 2143 recta
311 2093 405 2143 est.
470 2090 580 2142 iam
611 2090 861 2158 quoniam
894 2090 950 2141 in
980 2089 1254 2158 triangulo
1288 2093 1341 2140 A
1350 2091 1402 2140 A
1412 2091 1468 2140 K
1496 2087 1616 2139 basi
1647 2088 1819 2139 ΚΘΛ

133 2179 392 2247 parallela
433 2177 588 2231 ducta
628 2180 711 2230 est
748 2181 803 2228 A
813 2180 891 2246 H,
932 2181 986 2229 et
1025 2177 1092 2229 ab
1133 2182 1185 2229 A
1223 2177 1482 2245 producta
1521 2178 1603 2228 est
1641 2178 1820 2235 ΑΖΘ,

136 2267 237 2318 erit
282 2269 391 2318 ΚΘ
423 2284 434 2318 :
468 2269 573 2318 ΘΑ
605 2291 673 2308 --
709 2270 817 2317 ΛΖ
842 2284 852 2316 :
881 2269 1006 2317 ZH.
1092 2269 1174 2318 est
1221 2267 1402 2317 autem
1448 2266 1562 2316 ΚΘ
1595 2289 1664 2307 =
1697 2267 1819 2332 ΘΛ,

135 2355 389 2422 quoniam
427 2355 482 2406 in
522 2354 716 2407 circulo
755 2356 863 2406 ΒΓ
897 2353 963 2406 ad
1002 2353 1323 2406 diametrum
1360 2352 1816 2421 perpendicularis
1878 2356 1889 2366 '

137 2445 219 2494 est
257 2445 372 2495 KA
413 2442 587 2508 [Eucl.
617 2441 715 2511 III,
747 2442 820 2507 3].
898 2459 1027 2512 ergo
1068 2442 1231 2494 etiam
1272 2445 1380 2494 AZ
1406 2466 1474 2484 =
1502 2443 1626 2492 ZH.

917 2603 1040 2656 VII.

249 2704 306 2758 Si
352 2724 516 2759 conus
563 2725 658 2775 per
706 2725 860 2759 axem
907 2707 1070 2776 plano
1120 2709 1328 2759 secatur
1368 2709 1422 2758 et
1463 2705 1569 2758 alio
1609 2721 1817 2772 quoque

138 2794 301 2863 plano
342 2796 566 2862 secatur,
606 2794 748 2863 quod
787 2794 842 2846 id
880 2795 1119 2864 planum,
1157 2795 1214 2846 in
1254 2810 1357 2862 quo
1398 2794 1478 2844 est
1508 2791 1652 2844 basis
1687 2792 1820 2858 coni,

38 2937 39 2941 ,
140 2882 426 2935 secundum
480 2884 684 2935 rectam
740 2886 884 2936 secat
939 2886 1032 2934 aut
1083 2882 1149 2934 ad
1195 2881 1370 2934 basim
1417 2879 1680 2949 trianguli
1726 2897 1821 2948 per
