1982 3178
656 55 1009 99 GONICORUM
1039 57 1219 97 LIBER
1249 56 1284 98 Ι.
1739 53 1810 105 33

129 181 240 231 ΒΓ
278 177 539 246 parallela
585 175 809 228 ducatur
848 177 1038 242 ΚΘΛ,
1085 178 1261 227 reotae
1309 177 1488 227 autem
1531 163 1646 226 ΔΕ
1689 193 1811 242 par-

129 267 293 319 allela
322 268 514 319 ΜΘΝ
515 280 530 335 3
567 264 748 332 itaque
779 263 997 332 planum
1029 266 1295 328 rectarum
1327 265 1384 315 Κ
1391 266 1457 328 Λ,
1488 264 1624 314 MN
1649 264 1809 331 plano

127 358 393 408 rectarum
427 356 541 421 ΒΓ,
575 355 690 404 ΔΕ
724 352 1040 420 parallelum
1081 354 1165 403 est
1199 351 1371 416 [Eucl.
1403 350 1498 420 XI,
1533 350 1643 417 15].
1713 352 1811 403 ita-

129 461 231 512 que
261 443 482 511 planum
514 444 771 494 ΚΛΜΝ
799 440 1025 494 circulus
1059 443 1140 492 est
1172 442 1344 509 [prop.
1376 439 1495 506 IV].
1562 443 1616 492 et
1646 458 1810 508 quon-

128 532 236 584 iam
261 546 264 550 ’
276 535 478 600 puncta
511 535 579 599 A,
610 534 673 599 E,
706 533 783 594 M,
815 532 879 581 Ν
910 529 966 581 in
1005 529 1168 597 plano
1213 528 1414 580 secanti
1447 531 1585 595 sunt,
1624 547 1811 580 uerum

130 620 300 672 etiam·
342 620 399 672 in
446 619 724 689 superficie
772 618 915 687 coni,
960 618 1017 670 in
1064 618 1332 670 communi
1380 618 1616 670 sectione
1665 621 1810 685 sunt3

127 726 290 777 quare
323 711 494 760 AZE
529 708 596 760 ad
634 709 834 775 puncta
865 709 943 775 M,
976 709 1040 758 Ν
1072 705 1252 759 creuit.
1323 707 1507 774 itaque
1540 710 1807 758 crescente

129 797 404 864 superficie
444 796 565 850 coni
603 797 869 865 planoque
911 795 1112 848 secanti
1151 795 1218 847 ad
1258 795 1515 848 circulum
1556 797 1817 847 ΚΛΜΝ

129 885 291 937 etiam
332 885 497 938 sectio
538 889 592 936 A
603 887 709 936 ZE
745 883 812 935 ad
850 886 1052 952 puncta
1090 884 1169 948 M,
1209 885 1271 935 Ν
1303 883 1484 935 creuit.
1563 882 1810 935 similiter

127 974 295 1043 igitur
326 973 828 1041 demonstrabimuS,
861 973 904 1024 si
937 974 991 1023 et
1023 971 1330 1040 superficies
1362 972 1483 1024 coni
1515 973 1569 1023 et
1590 972 1809 1040 planum

128 1080 313 1115 secans
382 1062 440 1114 in
499 1061 768 1113 infinitum
828 1060 1221 1128 producantur,
1291 1060 1453 1112 etiam
1517 1060 1808 1113 sectionem

132 1154 442 1203 MAZEN
472 1151 530 1202 in
567 1150 837 1202 infinitum
878 1167 1129 1202 crescere.

240 1243 293 1291 et
339 1239 684 1291 manifestum
731 1242 836 1305 est,
882 1242 1085 1290 rectam
1135 1237 1407 1306 quandam
1455 1256 1487 1289 a
1526 1240 1627 1289 ΖΘ
1664 1241 1809 1290 recta

130 1328 202 1380 ad.
242 1331 284 1379 Z
331 1330 589 1396 punctum
636 1329 837 1378 rectam
885 1326 1054 1378 cuiuis
1104 1325 1258 1378 datae
1304 1328 1483 1378 rectae
1531 1326 1808 1394 aequalem

128 1416 457 1469 abscisuram
507 1433 634 1468 esse.
710 1433 837 1468 nam
884 1415 931 1467 si
970 1414 1074 1474 ΖΞ
1116 1418 1293 1466 rectae
1335 1414 1490 1466 datae
1531 1415 1808 1482 aequalem
1896 1418 1908 1427 '

42 1554 44 1556 .
127 1505 374 1573 ponimus
408 1507 461 1556 et
492 1523 587 1572 per
618 1503 667 1564 Ξ
693 1507 869 1557 rectae
902 1508 957 1555 A
967 1507 1017 1555 E
1045 1504 1361 1572 parallel-am
1393 1503 1652 1571 ducimUS,
1687 1520 1806 1555 cum

129 1594 363 1645 sectione
411 1596 709 1660 concurret,
757 1593 892 1644 sicut
931 1592 1092 1644 etiam
1131 1595 1334 1644 rectam
1373 1609 1469 1660 per
1508 1594 1554 1643 Θ
1592 1591 1806 1644 ductam

127 1699 247 1734 cum
302 1680 536 1734 sectione
589 1682 647 1733 in
700 1681 912 1749 punctis
969 1684 1061 1743 M,
1116 1683 1179 1732 Ν
1228 1697 1539 1733 concurrere
1594 1679 1807 1732 demon-

129 1769 432 1822 strauimus,
522 1786 649 1839 ergo
704 1771 848 1821 recta
902 1769 1164 1838 quaedam
1219 1787 1339 1820 cum
1395 1768 1630 1820 sectione
1685 1786 1806 1820 con-

128 1876 344 1911 currens
392 1860 567 1910 rectae
609 1861 725 1910 ΛΕ
766 1857 1025 1926 parallela
1064 1857 1294 1925 ducitur,
1342 1875 1476 1925 quae
1517 1875 1548 1909 a
1589 1860 1706 1909 ZH
1739 1858 1805 1910 ad

127 1950 387 2014 punctum
429 1949 473 1997 Z
511 1948 710 1999 rectam
751 1946 905 1998 datae
947 1946 1222 2014 aequalem
1263 1945 1554 1998 abscindat.

918 2108 1010 2162 IX.

240 2209 297 2263 Si
345 2228 509 2263 conus
556 2211 716 2278 plano
759 2214 968 2264 secatur
1008 2230 1127 2263 cum
1167 2214 1392 2280 utroque
1431 2210 1599 2263 latere
1638 2211 1802 2262 trian-

130 2299 241 2368 guli
280 2317 375 2368 per
415 2316 567 2351 axem
606 2299 771 2366 positi
811 2299 1163 2364 concurrenti,
1203 2300 1294 2351 sed
1332 2317 1502 2367 neque
1533 2298 1652 2350 basi
1682 2316 1805 2367 par-

130 2387 286 2440 allelo
319 2405 490 2456 neque
523 2404 550 2438 e
583 2387 852 2439 contrario
886 2386 1060 2454 ducto,
1096 2386 1260 2438 sectio
1295 2386 1523 2438 circulus
1554 2404 1664 2437 non
1690 2387 1803 2438 erit.

239 2475 310 2526 sit
342 2493 522 2542 conus,
562 2475 710 2526 cuius
741 2478 924 2526 uertex
958 2475 1030 2527 sit
1061 2479 1113 2527 A
1144 2476 1415 2542 punctum,
1446 2473 1590 2526 basis
1626 2477 1803 2526 autem

128 2563 356 2615 circulus
404 2566 527 2627 ΒΓ,
582 2566 635 2615 et
690 2566 896 2615 secetur
948 2563 1108 2630 plano
1163 2580 1335 2630 neque
1382 2562 1500 2613 basi
1546 2563 1802 2629 parallelo

128 2669 299 2719 neque
339 2669 366 2702 e
406 2652 672 2703 contrario
712 2651 903 2719 posit0,
943 2637 1172 2719 quod-in
1203 2650 1478 2718 superficie
1513 2649 1803 2702 sectionem

129 2738 326 2791 efficiat
371 2739 568 2791 lineam
617 2741 803 2791 ΛΚΕ.
887 2739 1024 2801 dico,
1078 2739 1276 2790 lineam
1326 2741 1503 2789 ΛΚΕ
1547 2739 1802 2791 circulum

128 2845 238 2881 ΠΟΠ
277 2844 406 2879 6888.

216 2919 533 2962 Apollonius,
558 2921 614 2952 ed.
639 2920 817 2960 Heiberg.
1512 2917 1537 2955 3
