1982 3178
67 1100 121 1140 10

65 1545 120 1586 15

61 2050 120 2089 20

64 2492 120 2532 25

159 114 230 168 68
822 119 1100 164 mmm
1130 115 1200 165 α’.

966 268 1050 337 ιζ’.

265 360 395 419 Ἐὰν
437 365 496 420 έν
528 362 716 420 κώνου
747 367 888 438 τομῇ
920 362 1028 422 ἀπὸ
1061 369 1157 438 τῆς
1187 369 1439 441 κορυφῆς
1468 371 1567 440 τῆς
1597 371 1853 441 γραμμῆς

157 450 308 526 ἀχθῇ
348 451 548 509 εὐθεῖα.
581 452 729 526 παρὰ
769 455 1113 527 τεταγμένως
1150 457 1528 529 κατηγμένην,
1567 455 1723 523 ἐκτὸς
1760 476 1852 514 πε-

158 553 333 598 σεῖται
371 546 469 613 τῆς
506 547 691 615 τομῆς.

271 635 407 687 ἔστω
446 632 634 688 κώνου
671 633 831 706 τομή,
870 626 935 706 ῆς
975 636 1267 706 διάμετρος
1303 632 1338 707 ἡ
1379 641 1501 691 ΑΒ.
1563 636 1726 708 λέγω,
1765 634 1852 693 ὅτι

155 717 189 791 ἡ
238 719 346 776 ἀπὸ
394 725 491 793 τῆς
536 733 813 796 κορυφῆς,
861 725 1110 780 τουτέστι
1156 727 1257 780 τοῦ
1295 732 1349 780 Α
1396 728 1655 797 σημείου,
1701 724 1850 798 παρὰ

154 811 498 882 τεταγμένως
528 814 879 884 κατηγμένην
912 811 1159 885 ἀγομένη
1194 811 1388 870 εὐθεῖα
1421 812 1574 881 ἐκτὸς
1604 826 1851 871 πεσεῖται

154 902 253 971 τῆς
289 903 475 973 τομῆς.
1765 918 1768 920 ’

266 993 317 1045 εί
346 988 453 1062 γὰρ
487 989 753 1062 δυνατόν,
793 992 1030 1047 πιπτέτω
1065 991 1222 1058 ἐντὸς
1255 990 1330 1059 ὥς
1360 990 1540 1064 ῆΑΓ.
1595 993 1712 1050 ἐπεὶ
1746 986 1852 1050 οὖν

155 1080 216 1135 ἐν
255 1079 443 1135 κώνου
480 1083 622 1154 τομῇ
662 1086 913 1151 εἴληπται
959 1079 1128 1153 τυχὸν
1174 1093 1405 1154 σημεῖον
1443 1081 1506 1139 τὸ
1547 1087 1619 1154 Γ,
1665 1079 1702 1154 ἡ
1741 1081 1851 1156 ἄρα

154 1165 263 1225 ἀπὸ
313 1172 416 1225 τοῦ
463 1174 517 1224 Γ
563 1175 798 1241 σημείου
845 1168 1002 1236 ἐντὸς
1046 1174 1144 1242 τῆς
1189 1175 1360 1244 τομῆς
1406 1169 1650 1244 ἀγομένη
1701 1171 1850 1246 παρὰ

151 1259 497 1330 τεταγμένως
528 1260 877 1331 κατηγμένην
911 1265 1188 1331 συμβαλεῖ
1214 1264 1282 1334 τῇ
1310 1267 1418 1316 ΑΒ
1451 1261 1725 1338 διαμέτρῳ
1757 1261 1850 1317 καὶ

154 1351 282 1420 δίχα
319 1347 665 1420 τμηθήσεται
703 1346 799 1404 ὑπ’
838 1346 1024 1421 αὐτῆς.
1099 1347 1134 1421 ἡ
1171 1355 1286 1406 ΑΓ
1324 1349 1433 1424 ἄρα
1473 1351 1849 1423 ἐκβαλλομένη

154 1440 282 1510 δίχα
319 1437 666 1509 τμηθήσεται
702 1437 813 1495 ὑπὸ
852 1442 950 1510 τῆς
981 1445 1113 1494 AB·
1153 1437 1287 1511 ὅπερ
1322 1438 1554 1496 ἄτοπον·
1594 1442 1851 1512 ἐκβαλλο-

154 1528 293 1598 μένη
332 1526 441 1600 γὰρ
481 1524 671 1599 ἡἈΓ
712 1525 866 1594 ἐκτὸς
903 1532 1087 1584 πίπτει
1124 1532 1222 1600 τῆς
1260 1532 1444 1601 τομῆς.
1522 1527 1625 1585 οὐκ
1664 1527 1773 1602 ἄρα
1810 1527 1846 1602 ἡ

151 1614 260 1672 ἀπο
293 1624 397 1672 τοῦ
428 1624 482 1671 Α
522 1622 755 1688 σημείου
786 1615 935 1689 παρὰ
967 1619 1311 1690 τεταγμένως
1340 1619 1688 1691 κατηγμένην
1719 1616 1849 1690 ἀγο-

151 1708 289 1777 μένη
339 1705 536 1761 εὐθεῖα
584 1706 741 1772 ἐντὸς
786 1718 1032 1763 πεσεῖται
1071 1710 1169 1778 τῆς
1208 1710 1483 1780 γραμμῆς·
1547 1706 1702 1775 ἐκτὸς
1739 1706 1849 1782 ἄρα

150 1806 417 1851 πεσεῖται·
459 1794 653 1869 διόπερ
694 1796 993 1868 ἐφάπτεται
1031 1798 1129 1868 τῆς
1166 1799 1352 1868 τομῆς.

957 1952 1011 2000 ιη
1023 1932 1053 1985 '.

260 2024 393 2081 Ἐὰν
430 2024 618 2080 κώνου
649 2027 790 2097 τομῇ
821 2022 1016 2080 εὐθεῖα
1048 2029 1441 2096 συμπίπτουσα
1474 2025 1846 2098 ἐκβαλλομένη
1904 2094 1908 2098 Α

153 2114 242 2188 ἐφ’
282 2113 509 2186 ἑκάτερα
549 2115 702 2179 ἕκτος
740 2118 908 2187 πίπτῇ
947 2117 1043 2180 τῆς
1081 2117 1278 2187 τομῆς,
1325 2117 1521 2188 ληφθῇ
1560 2115 1627 2171 δέ
1660 2136 1712 2170 τι
1753 2130 1848 2186 ση-

153 2215 313 2276 μεῖον
346 2202 504 2269 ἐντὸς
533 2206 632 2274 τῆς
661 2211 850 2283 τομῆς,
881 2203 974 2258 καὶ
1008 2203 1081 2259 δι’
1113 2200 1292 2259 αὐτοῦ
1321 2202 1672 2276 παράλληλος
1698 2201 1848 2276 ἀχθῇ

152 2296 219 2367 τῇ
260 2291 676 2365 συμπιπτούσῃ,
722 2290 756 2362 ἡ
797 2291 1034 2364 ἀχθεῖσα
1074 2293 1452 2364 ἐκβαλλομένη
1495 2289 1582 2364 ἐφ’
1619 2292 1847 2366 ἑκάτερα

154 2394 512 2455 συμπεσεῖται
549 2384 617 2454 τῇ
654 2390 810 2453 τομῇ.

267 2476 405 2527 ἔστω
445 2470 635 2527 κώνου
672 2467 812 2541 τομὴ
858 2470 951 2525 καὶ
992 2474 1379 2542 συμπίπτουσα
1427 2469 1567 2543 αὐτῇ
1605 2468 1640 2542 ἡ
1679 2476 1846 2526 ΑΖΒ

156 2558 379 2632 εὐθεῖα,
433 2560 526 2615 καὶ
574 2559 947 2631 ἐκβαλλομένη
997 2557 1082 2630 ἐφ’
1131 2558 1361 2632 ἑκάτερα
1407 2557 1560 2624 ἐκτὸς
1608 2559 1845 2615 πιπτέτω

154 2653 253 2721 τῆς
290 2654 486 2721 τομῆς,
534 2648 626 2704 καὶ
667 2647 922 2719 εἰλήφθω
962 2670 1014 2703 τι
1062 2660 1294 2720 σημεῖον
1340 2646 1496 2714 ἐντὸς
1541 2656 1638 2720 τῆς
1676 2650 1846 2720 τομῆς

155 2738 217 2794 τὸ
251 2743 314 2809 Γ,
354 2738 446 2794 καὶ
487 2736 581 2792 διὰ
618 2740 719 2793 τοῦ
750 2741 803 2792 Γ
834 2739 900 2809 τῇ
933 2743 1040 2792 AB
1081 2736 1432 2811 παράλληλος
1469 2735 1630 2808 ἤχθω
1669 2734 1844 2808 ῆΓΔ.

278 2876 316 2917 1.
350 2870 434 2931 ιζ’]
460 2887 504 2929 p,
539 2886 627 2917 om.
646 2871 702 2927 V,
733 2885 793 2917 m.
820 2875 846 2914 2
879 2886 920 2916 v.
1014 2875 1054 2915 9.
1089 2871 1202 2930 ΑΓ]
1237 2885 1354 2928 cvp,
1386 2875 1421 2914 A
1454 2883 1479 2914 e
1506 2883 1621 2915 corr.
1646 2883 1705 2915 m.
1739 2873 1762 2912 1
1787 2868 1844 2916 V.

217 2935 286 2977 19.
321 2927 410 2990 ιη’]
443 2946 489 2988 p,
523 2946 612 2976 om.
645 2931 701 2987 V,
732 2946 792 2975 m.
825 2934 851 2974 2
883 2945 927 2974 v.

1955 1311 1973 1486 ξ

1953 1491 1965 1562 3

1952 1595 1961 1637 ἰ

1953 1659 1982 1946 3
