1982 3178
104 1036 159 1075 10

103 1480 158 1520 15

99 1926 160 1965 20

193 95 267 148 54
857 96 1137 140 ΚΩΝΙΚῼΝ
1168 91 1235 143 α’.

308 218 557 270 ἔστωσαν
598 216 660 268 αἱ
694 236 832 271 κατα
872 216 1132 287 κορυφὴν
1174 213 1520 285 ἐπιφάνειαι,
1550 207 1632 272 ὧν
1670 216 1892 288 κορυφὴ

191 305 254 361 τὸ
297 312 350 359 Α
390 315 648 376 σημεῖον,
691 303 784 359 καὶ
823 303 1227 375 τετμήσθωσαν
1267 304 1506 380 ἐπιπέδῳ
1546 305 1621 377 μὴ
1664 305 1759 361 διὰ
1796 313 1897 376 τῆς

190 403 473 466 κορυφῆς,
533 393 624 448 καὶ
687 397 910 449 ποιείτω
974 395 1036 448 ἐν
1095 402 1161 467 τῇ
1226 395 1522 468 ἐπιφανείᾳ
1572 394 1746 466 τομὰς
1796 394 1898 460 τὰς

194 489 387 554 ΔΕΖ,
434 488 627 538 ΗΘΚ.
697 483 865 554 λέγω,
913 483 998 538 ὅτι
1048 483 1276 554 ἑκατέρα
1323 491 1437 539 τῶν
1477 489 1671 555 ΔΕΖ,
1716 488 1900 540 ΗΘΚ
1967 480 1973 526 s

192 580 381 643 τομῶν
423 574 573 628 ἐστιν
613 569 647 643 ἡ
686 572 1004 643 καλουμένη
1043 569 1343 644 ὑπερβολή.
1965 637 1970 643 ⁴

306 665 446 717 ἔστω
494 661 602 733 γὰρ
653 657 682 716 ὁ
730 659 958 731 κύκλος,
1006 661 1140 717 καθ’
1187 653 1256 717 οὗ
1297 656 1523 734 φέρεται
1561 658 1597 733 ἡ
1636 662 1741 733 τὴν
1781 662 1896 718 ἐπι·
1964 663 1966 665 ’

192 749 433 822 φάνειαν
473 749 770 822 γράφουσα
811 749 1024 821 εὐθεῖα,
1067 747 1096 805 ὁ
1131 756 1245 805 ΒΔ
1255 755 1379 821 ΓΖ,
1418 750 1511 806 καὶ
1542 749 1701 822 ἤχθω
1736 752 1796 807 ἐν
1826 759 1892 825 τῇ

191 840 328 895 κατὰ
375 861 636 913 κορυφήν
685 840 982 914 ἐπιφανείᾳ
1028 838 1389 910 παράλληλον
1437 838 1588 914 αὐτῷ
1633 842 1896 897 ἐπίπεδον
1958 861 1971 898 ··.

190 927 254 984 τὸ
288 930 541 992 ΞΗΟΚ·
604 928 790 983 κοιναὶ
824 928 886 984 δὲ
917 928 1081 1000 τομαὶ
1113 937 1229 984 τῶν
1261 934 1465 999 ΗΘΚ,
1508 934 1677 985 ΖΕΔ
1707 938 1894 1001 τομῶν
1979 969 1982 971 -

189 1018 282 1073 καὶ
335 1026 450 1073 τῶν
506 1016 727 1073 κύκλων
782 1020 844 1073 αἰ
888 1024 1024 1087 ΖΔ,
1072 1023 1213 1073 ΗΚ·
1301 1022 1522 1074 ἔσονται
1572 1018 1641 1089 δὴ
1689 1018 1894 1090 παρᾶλ-

190 1113 364 1177 ληλοι.
426 1105 576 1173 ἄξων
618 1106 680 1162 δὲ
712 1110 857 1182 ,ἔστω
897 1116 996 1178 τῆς
1025 1116 1266 1178 κωνικῆς
1298 1108 1624 1179 ἐπιφανείας
1663 1130 1699 1179 ἠ
1732 1114 1903 1164 ΛΑΤ

191 1193 406 1265 εὐθεῖα,
445 1196 647 1267 κέντρα
688 1195 749 1251 δὲ
787 1205 903 1252 τῶν
942 1195 1165 1251 κύκλων
1203 1197 1269 1252 τὰ
1305 1203 1374 1266 Λ,
1421 1203 1480 1267 Τ,
1518 1196 1610 1253 καὶ
1651 1196 1759 1253 ἀπὸ
1793 1203 1896 1254 τοῦ

190 1290 243 1340 Λ
290 1284 377 1340 ἐπὶ
423 1285 529 1356 τὴν
571 1291 680 1340 ΖΔ
727 1284 967 1350 κάθετος
1016 1283 1253 1356 ἀχθεῖσα
1302 1284 1661 1357 ἐκβεβλήσθω
1702 1286 1789 1342 ἐπὶ
1828 1287 1895 1343 τὰ

190 1380 257 1444 Β,
298 1378 352 1428 Γ
377 1385 594 1445 σημεῖα,
625 1374 718 1429 καὶ
752 1375 844 1429 διὰ
878 1383 978 1445 τῆς
1010 1379 1119 1429 ΒΓ
1144 1374 1235 1430 καὶ
1267 1384 1367 1430 τοῦ
1401 1375 1602 1440 ἄξονος
1633 1376 1896 1431 ἐπίπεδον

192 1461 575 1533 ἐκβεβλήσθω·
641 1462 863 1535 ποιήσει
914 1464 982 1534 δὴ
1032 1464 1207 1535 τομὰς
1255 1466 1316 1519 ἐν
1364 1463 1466 1534 μὲν
1511 1475 1628 1529 τοῖς
1671 1463 1899 1531 κύκλοις
1954 1499 1955 1502 =

190 1550 581 1623 παραλλήλους
614 1551 840 1618 εὐθείας
870 1553 969 1618 τὰς
998 1554 1129 1622 ΞΟ,
1156 1557 1282 1625 ΒΓ,
1315 1554 1375 1608 ἐν
1409 1551 1471 1608 δὲ
1502 1561 1568 1626 τῇ
1603 1553 1899 1628 ἐπιφανείᾳ
1978 1544 1982 1554 ’

190 1642 288 1706 τὰς
327 1646 519 1707 ΒΑΟ,
554 1643 735 1704 ΓΑΞ·
806 1645 957 1697 ἔσται
1006 1642 1075 1712 δὴ
1125 1642 1217 1696 καὶ
1264 1639 1297 1712 ἡ
1339 1643 1445 1705 ΞΟ
1492 1651 1558 1715 τῇ
1599 1647 1723 1697 ΗΚ
1757 1628 1898 1714 πρὸς
1954 1643 1955 1646 '

192 1728 389 1803 ὀρθάς,
431 1731 619 1801 ἐπειδὴ
661 1731 752 1785 καὶ
792 1728 826 1802 ἡ
860 1736 969 1786 ΒΓ
1000 1740 1065 1803 τῇ
1103 1736 1213 1786 ΖΔ
1254 1732 1367 1786 ἐστι
1398 1731 1540 1801 πρὸς
1573 1728 1766 1803 ὀρθάς,
1803 1735 1903 1787 καί

193 1820 343 1874 ἐστιν
376 1819 605 1889 ἑκατέρα
636 1820 1004 1890 παράλληλος.
1065 1819 1158 1874 καὶ
1191 1819 1306 1875 ἐπεὶ
1338 1820 1401 1875 τὸ
1438 1820 1530 1874 διὰ
1563 1827 1667 1875 τοῦ
1692 1816 1898 1887 ἄξονος

194 1909 457 1963 ἐπίπεδον
496 1919 616 1973 ταῖς
653 1920 847 1978 τομαῖς
887 1909 1190 1979 συμβάλλει
1222 1909 1359 1962 κατὰ
1392 1909 1460 1963 τὰ
1496 1910 1574 1978 M,
1606 1913 1664 1963 N
1697 1919 1896 1980 σημεῖα
1963 1961 1982 1987 *a

193 1998 351 2062 ἐντὸς
383 2005 495 2052 τῶν
529 1996 818 2068 γραμμῶν,
853 2000 1045 2068 δῆλον,
1082 1995 1155 2062 ὡς
1185 1997 1278 2052 καὶ
1310 1998 1410 2062 τὰς
1433 1997 1689 2069 γραμμὰς
1711 1997 1896 2069 τέμνει
1973 1990 1982 2005 “

191 2087 255 2142 τὸ
283 2087 559 2141 ἐπίπεδον.
607 2087 845 2157 τεμνέτω
871 2087 1007 2158 κατὰ
1033 2087 1098 2140 τὰ
1126 2092 1190 2156 Θ,
1216 2092 1285 2140 Ε·
1343 2086 1409 2140 τὰ
1437 2086 1547 2156 ἄρα
1572 2091 1654 2155 Μ,
1673 2092 1738 2156 Ε,
1756 2091 1821 2156 Θ,
1838 2091 1903 2142 Ν
1968 2072 1982 2176 ¹¹.

195 2186 394 2246 σημεῖα
442 2179 502 2230 ἔν
549 2196 606 2230 τε
652 2183 726 2249 τῷ
779 2175 871 2229 διὰ
920 2184 1021 2230 τοῦ
1070 2173 1273 2240 ἅξονός
1319 2177 1469 2230 ἐστιν
1520 2174 1759 2249 ἐπιπέδῳ
1801 2174 1896 2230 καὶ

196 2264 257 2319 ἐν
302 2273 378 2335 τῷ
428 2264 692 2337 ἐπιπέδῳ,
742 2265 810 2318 ἐν’
844 2256 886 2339 ᾦ
929 2267 1071 2318 εἰσιν
1112 2266 1174 2318 αἱ
1207 2267 1478 2334 γραμμαί·
1548 2261 1747 2319 εὐθεῖα
1786 2261 1896 2335 ἄρα
1970 2270 1971 2274 ’

139 2374 163 2412 5
197 2353 346 2408 ἐστὶν
401 2350 435 2424 ἡ
485 2358 737 2407 ΜΕΘΝ
782 2351 1022 2424 γραμμή.
1107 2352 1198 2407 καὶ
1254 2350 1530 2423 φανερόν,
1587 2349 1672 2407 ὅτι
1724 2350 1792 2407 τά
1837 2373 1896 2408 τε

197 2441 267 2510 Ξ,
300 2447 372 2512 Θ,
407 2448 481 2511 Α,
515 2445 569 2496 Γ
600 2438 684 2496 ἐπ’
722 2439 947 2506 εὐθείας
986 2440 1099 2496 ἐστὶ
1138 2441 1230 2496 καὶ
1269 2439 1336 2495 τὰ
1377 2446 1450 2510 Β,
1482 2446 1556 2509 Ε,
1590 2447 1659 2510 Α,
1695 2445 1765 2495 Ο·
1835 2443 1897 2494 ἔν

195 2553 254 2585 τε
301 2531 408 2602 γὰρ
455 2539 521 2603 τῇ
569 2539 777 2603 κωνικῇ
820 2531 1116 2604 ἐπιφανείᾳ
1156 2529 1270 2584 ἐστὶ
1309 2529 1401 2584 καὶ
1441 2529 1502 2584 ἐν
1541 2537 1616 2603 τῷ
1659 2528 1753 2583 διὰ
1792 2535 1894 2584 τοῦ

198 2618 398 2685 ἄξονος
446 2620 697 2693 ἐπιπέδῳ.
767 2617 1036 2690 ἤχθωσαν
1078 2619 1136 2673 δι’
1188 2617 1296 2674 ἀπὸ
1338 2617 1440 2689 μὲν
1477 2625 1592 2673 τῶν
1626 2622 1702 2687 Θ,
1743 2621 1795 2670 Ε
1827 2625 1894 2689 τῇ

322 2788 363 2826 3.
389 2781 599 2840 ποιείτω]
620 2781 800 2839 scripsi,
824 2782 1107 2825 ποιείτωσαν
1124 2780 1220 2836 Vp.
1314 2783 1354 2824 9.
1383 2781 1535 2836 ΖΕΔ,
1557 2780 1708 2823 ΗΘΚ
1727 2777 1897 2836 Halley

202 2855 308 2884 cum
341 2839 611 2886 Command.
734 2845 806 2885 20.
840 2836 1111 2900 συμβάλλει]
1148 2854 1262 2896 συμ-
1293 2841 1506 2883 contorte
1536 2837 1592 2893 V,
1627 2838 1768 2895 συμβ-
1798 2851 1896 2895 rep.

201 2915 297 2957 mg.
329 2915 389 2943 m.
422 2914 512 2945 rec.
