1942 3172
154 69 186 122 8
814 71 1093 116 ΚΩΝῙΚΩΝ
1123 88 1154 115 α
1163 68 1190 116 ’.

267 186 473 260 ὁμοίως
512 188 575 244 δὲ
612 190 705 245 καὶ
746 190 848 245 δύο
880 189 1188 262 καμπύλων
1219 194 1491 263 γραμμῶν
1523 193 1584 248 ἐν
1617 192 1702 248 ἑνὶ
1734 195 1847 250 ἐπι-

153 279 302 352 πέδῳ
357 279 628 349 κειμένων
685 280 983 352 διάμετρον
1039 284 1188 336 καλῶ
1243 285 1486 352 πλαγίαν
1539 283 1669 353 μέν,
1731 279 1851 354 ῆτις

154 365 352 424 εὐθεῖα
376 370 656 440 τέμνουσα
686 366 785 434 τὰς
815 367 919 424 δύο
951 368 1206 441 γραμμὰς
1236 369 1415 435 πάσας
1444 368 1542 436 τὰς
1572 367 1850 443 ἀγομένας

153 458 214 512 ἐν
271 458 499 531 ἑκατέρᾳ
551 460 666 512 τῶν
720 461 993 530 γραμμῶν
1047 458 1196 531 παροὲ
1251 481 1376 515 τινα
1430 447 1666 516 εὐθεῖαν
1722 464 1850 534 δίχα

95 559 121 599 5
153 548 355 619 τέμνει,
395 541 649 619 κορυφὰς
689 546 751 603 δὲ
789 551 902 603 τῶν
941 550 1213 621 γραμμῶν
1251 548 1318 604 τὰ
1358 548 1499 622 πρὸς
1528 560 1648 616 ταῖς
1679 571 1849 623 γραμ-

153 648 281 707 μαῖς
318 637 528 710 πέρατα
566 640 666 708 τῆς
706 638 1033 709 διαμέτρου,
1082 634 1290 711 ὀρθίαν
1332 639 1418 709 δέ,
1469 636 1589 711 ῆτις
1625 640 1850 712 κειμένη

153 723 355 798 μεταξὺ
402 729 517 782 τῶν
558 726 662 782 δύο
690 719 976 799 4γραμμῶν
1024 726 1202 792 πάσας
1247 725 1346 793 τὰς
1391 726 1669 799 ἀγομένας
1714 748 1850 797 παρ-

155 816 430 887 αλλήλους
485 813 711 880 εὐθείας
764 813 961 889 εὐθείᾳ
1010 816 1122 870 τινὶ
1175 816 1269 871 καὶ
1316 814 1852 888 ἀπολαμβανομένας

154 903 357 977 μεταξὺ
396 913 510 960 τῶν
543 907 814 976 γραμμῶν
856 907 983 976 δίχα
1022 905 1235 977 τέμνει,
1280 907 1623 977 τεταγμένως
1662 905 1724 961 δὲ
1763 906 1851 962 ἐπὶ
1882 938 1885 941 ·

65 1006 120 1046 10
153 994 255 1066 τὴν
297 993 598 1066 διάμετρον
629 997 905 1065 κατῆχθαι
946 993 1183 1066 ἑκάστην
1221 998 1334 1050 τῶν
1372 994 1759 1067 παραλλήλων.
1936 1038 1942 1042 -

267 1089 519 1155 συζυγεῖς
549 1087 698 1139 καλῶ
735 1085 1061 1156 διαμέτρους
1095 1084 1247 1153 [δύο]
1281 1084 1567 1157 καμπύλής
1597 1088 1853 1157 γραμμῆς
1937 1127 1942 1140 .

151 1173 245 1229 καὶ
287 1173 391 1229 δύο
431 1172 734 1245 καμπύλων
766 1176 1036 1245 γραμμῶν
1076 1170 1317 1244 εὐθείας,
1359 1167 1438 1230 ῶν
1471 1174 1701 1250 ἑκατέρα
1733 1173 1852 1230 διά-

154 1284 351 1334 μετρος
391 1255 534 1318 οὐσα
573 1261 670 1327 τὰς
708 1264 775 1334 τῇ
815 1262 972 1335 ἑτέρᾳ
1020 1261 1411 1334 παραλλήλους
1457 1265 1585 1334 δίχα
1633 1266 1851 1335 διαιρεῖ.

269 1351 442 1419 ἄξονα
487 1352 549 1407 δὲ
596 1355 744 1406 καλῶ
793 1350 1081 1422 καμπύλης
1126 1354 1383 1423 γραμμῆς
1427 1352 1518 1406 καὶ
1568 1350 1672 1408 δύο
1718 1374 1851 1424 καμ-

68 1454 122 1494 15
155 1441 349 1498 πύλων
403 1443 674 1513 γραμμῶν
731 1438 989 1510 εὐθεῖαν,
1044 1438 1164 1510 ῆτις
1218 1439 1511 1513 διάμετρος
1565 1433 1708 1496 οὐσα
1757 1443 1854 1513 τῆς
1940 1503 1942 1507 ,

155 1535 412 1603 γραμμῆς
450 1528 484 1603 ἢ
526 1533 639 1587 τῶν
681 1532 951 1602 γραμμῶν
991 1528 1131 1600 πρὸς
1167 1526 1343 1603 ὀρθὰς
1373 1531 1559 1602 τέμνει
1588 1528 1687 1596 τὰς
1715 1551 1852 1603 παρ-
1940 1542 1942 1566 ³

70 1640 73 1643 ·
156 1620 445 1692 αλλήλους.
647 1634 656 1644 ’

268 1715 522 1780 συζυγεῖς
559 1711 707 1764 καλῶ
749 1707 953 1776 ἄξονας
990 1708 1280 1779 καμπύλης
1316 1711 1570 1780 γραμμῆς
1611 1709 1705 1765 καὶ
1745 1710 1852 1767 δύο

156 1799 463 1870 καμπύλων
503 1800 773 1871 γραμμῶν
814 1797 1067 1868 εὐθείας,
1118 1800 1323 1862 αἵτινες
1362 1797 1648 1870 διάμετροι
1688 1793 1853 1856 οὖσαι

67 1900 123 1940 20
157 1893 408 1959 συζυγεϊς
424 1885 562 1959 πρὸς
579 1885 759 1958 ὀρθὰς
775 1888 1040 1959 τέμνουσι
1057 1885 1154 1952 τὰς
1172 1884 1429 1958 ἀλλήλων
1447 1887 1853 1960 παραλλήλους.

967 2012 1041 2069 α’.

269 2113 349 2166 Αἱ
385 2107 492 2165 ἀπὸ
533 2112 629 2180 τῆς
667 2112 919 2180 κορυφῆς
957 2112 1053 2180 τῆς
1091 2111 1331 2180 κωνικῆς
1366 2110 1690 2180 ἐπιφανείας
1721 2108 1851 2182 ἀγό-

156 2221 318 2271 μεναι
367 2198 583 2254 εὐθεῖαι
633 2198 719 2253 ἐπὶ
766 2197 831 2253 τὰ
882 2200 943 2253 ἐν
988 2202 1054 2271 τῇ
1097 2199 1391 2272 ἐπιφανείᾳ
1430 2210 1630 2270 σημεῖα
1678 2202 1740 2256 ἐν
1783 2203 1851 2273 τῇ

158 2291 450 2362 ἐπιφανείᾳ
490 2291 645 2343 εἰσίν.
779 2284 782 2291 ’

69 2390 125 2431 25
271 2382 409 2434 ἔστω
448 2376 656 2447 κωνικὴ
697 2377 1008 2448 ἐπιφάνεια,
1051 2370 1115 2448 ἧς
1153 2377 1373 2448 κορυφὴ
1406 2375 1468 2432 τὸ
1510 2384 1562 2432 Α
1601 2389 1851 2449 σημεῖον,

156 2468 249 2522 καὶ
290 2466 543 2538 εἰλήφθω
584 2488 637 2521 τι
685 2477 915 2537 σημεῖον
966 2467 1053 2521 ἐπὶ
1100 2476 1198 2537 τῆς
1244 2469 1483 2536 κωνικῆς
1527 2468 1852 2537 ἐπιφανείας

157 2555 221 2611 τὸ
262 2562 334 2625 Β,
381 2557 474 2611 καὶ
513 2554 822 2627 ἐπεζεύχθω
862 2578 945 2621 τις
984 2554 1180 2611 εὐθεῖα
1219 2554 1253 2627 ἡ
1294 2561 1472 2613 ΑΓΒ.
1548 2557 1716 2626 λέγω,
1765 2553 1851 2612 ὅτι

159 2643 192 2716 ἡ
234 2650 398 2700 ΑΓΒ
441 2644 635 2701 εὐθεῖα
675 2647 735 2701 ἐν
767 2648 833 2718 τῆ
874 2647 1169 2719 ἐπιφανείᾳ
1210 2647 1374 2701 ἐστίν.

282 2768 322 2809 5.
356 2762 492 2822 πρός]
527 2778 646 2821 προσ
695 2777 789 2834 seq.
815 2763 991 2807 lineola
1022 2763 1216 2808 fortuita
1239 2762 1294 2807 V.
1387 2767 1426 2808 6.
1460 2757 1656 2821 ὀρθίαν]
1687 2777 1739 2820 Ρ;
1773 2758 1851 2817 ὅρ-

159 2825 304 2868 θείαν
327 2823 383 2877 V,
409 2838 501 2880 mg.
521 2839 581 2867 m.
601 2838 689 2867 ree.
709 2819 764 2879 ,,ὀ
769 2824 914 2878 ρθίαν
937 2823 991 2866 ut
1014 2821 1180 2867 infra‘fl
1281 2828 1320 2866 9.
1346 2820 1527 2894 τέμνει]
1553 2837 1599 2878 Ρ,
1625 2820 1846 2879 τέμνῃῖῙ.

225 2889 290 2926 11.
326 2858 433 2940 δύο]
468 2897 557 2928 om.
591 2882 759 2939 Halley
792 2895 896 2926 cum
929 2879 1103 2927 Comm.
1226 2886 1297 2926 21.
1330 2878 1403 2940 α’]
1438 2895 1514 2936 cv,
1552 2895 1640 2925 om.
1674 2881 1729 2925 V.
