<?xml version="1.0" encoding="UTF-8"?>
<!DOCTYPE html PUBLIC "-//W3C//DTD XHTML 1.0 Transitional//EN"
    "http://www.w3.org/TR/xhtml1/DTD/xhtml1-transitional.dtd">
<html xmlns="http://www.w3.org/1999/xhtml" xml:lang="en" lang="en">
 <head>
  <title>
</title>
<meta http-equiv="Content-Type" content="text/html;charset=utf-8" />
  <meta name='ocr-system' content='tesseract 3.04.00' />
  <meta name='ocr-capabilities' content='ocr_page ocr_carea ocr_par ocr_line ocrx_word'/>
</head>
<body>
  <div class='ocr_page' id='page_1' title='image "apolloniipergaei01apoluoft_0244.png"; bbox 0 0 2028 3146; ppageno 0'>
   <div class='ocr_carea' id='block_1_1' title="bbox 168 1032 224 1071">
    <p class='ocr_par' dir='ltr' id='par_1_1' title="bbox 168 1032 224 1071">
     <span class='ocr_line' id='line_1_1' title="bbox 168 1032 224 1071; baseline 0 0"><span class='ocrx_word' id='word_1_1' title='bbox 168 1032 224 1071; x_wconf 89' lang='lat'><em>10</em></span> 
     </span>
    </p>
   </div>
   <div class='ocr_carea' id='block_1_2' title="bbox 167 1477 222 1517">
    <p class='ocr_par' dir='ltr' id='par_1_2' title="bbox 167 1477 222 1517">
     <span class='ocr_line' id='line_1_2' title="bbox 167 1477 222 1517; baseline 0.018 -1"><span class='ocrx_word' id='word_1_2' title='bbox 167 1477 222 1517; x_wconf 85' lang='lat'><em>15</em></span> 
     </span>
    </p>
   </div>
   <div class='ocr_carea' id='block_1_3' title="bbox 165 1923 222 1963">
    <p class='ocr_par' dir='ltr' id='par_1_3' title="bbox 165 1923 222 1963">
     <span class='ocr_line' id='line_1_3' title="bbox 165 1923 222 1963; baseline -0.018 0"><span class='ocrx_word' id='word_1_3' title='bbox 165 1923 222 1963; x_wconf 82' lang='lat'><em>20</em></span> 
     </span>
    </p>
   </div>
   <div class='ocr_carea' id='block_1_4' title="bbox 167 2368 224 2408">
    <p class='ocr_par' dir='ltr' id='par_1_4' title="bbox 167 2368 224 2408">
     <span class='ocr_line' id='line_1_4' title="bbox 167 2368 224 2408; baseline 0.018 -1"><span class='ocrx_word' id='word_1_4' title='bbox 167 2368 224 2408; x_wconf 82' lang='lat'><em>25</em></span> 
     </span>
    </p>
   </div>
   <div class='ocr_carea' id='block_1_5' title="bbox 1962 0 1979 28">
    <p class='ocr_par' dir='ltr' id='par_1_5' title="bbox 1962 0 1979 28">
     <span class='ocr_line' id='line_1_5' title="bbox 1962 0 1979 28; baseline 0 0"><span class='ocrx_word' id='word_1_5' title='bbox 1962 0 1979 28; x_wconf 63' lang='grc' dir='ltr'>ὓ</span> 
     </span>
    </p>
   </div>
   <div class='ocr_carea' id='block_1_6' title="bbox 258 28 1969 143">
    <p class='ocr_par' dir='ltr' id='par_1_6' title="bbox 258 28 1969 146">
     <span class='ocr_line' id='line_1_6' title="bbox 258 28 1969 143; baseline -0.009 -8"><span class='ocrx_word' id='word_1_6' title='bbox 258 81 368 135; x_wconf 82' lang='lat'><em>226</em></span> <span class='ocrx_word' id='word_1_7' title='bbox 923 82 1201 127; x_wconf 58' lang='lat' dir='ltr'><strong>muman</strong></span> <span class='ocrx_word' id='word_1_8' title='bbox 1233 78 1295 143; x_wconf 72' lang='grc' dir='ltr'><em>ρ’.</em></span> <span class='ocrx_word' id='word_1_9' title='bbox 1916 112 1919 114; x_wconf 96' lang='grc'>.</span> <span class='ocrx_word' id='word_1_10' title='bbox 1951 28 1969 121; x_wconf 55' lang='grc' dir='ltr'><em>ἶ</em></span> 
     </span>
    </p>
   </div>
   <div class='ocr_carea' id='block_1_7' title="bbox 253 198 2028 2685">
    <p class='ocr_par' dir='ltr' id='par_1_7' title="bbox 253 198 2028 2685">
     <span class='ocr_line' id='line_1_7' title="bbox 259 198 1961 277; baseline 0 -18"><span class='ocrx_word' id='word_1_11' title='bbox 259 200 490 277; x_wconf 79' lang='grc' dir='ltr'><em>ἠγμένη,</em></span> <span class='ocrx_word' id='word_1_12' title='bbox 524 205 586 258; x_wconf 79' lang='grc' dir='ltr'><em>αἰ</em></span> <span class='ocrx_word' id='word_1_13' title='bbox 616 201 678 258; x_wconf 75' lang='grc' dir='ltr'><em>δὲ</em></span> <span class='ocrx_word' id='word_1_14' title='bbox 710 202 803 257; x_wconf 82' lang='grc' dir='ltr'><em>διὰ</em></span> <span class='ocrx_word' id='word_1_15' title='bbox 835 204 950 256; x_wconf 79' lang='grc' dir='ltr'><em>τῶν</em></span> <span class='ocrx_word' id='word_1_16' title='bbox 983 198 1151 272; x_wconf 78' lang='grc' dir='ltr'><em>ἁφῶν</em></span> <span class='ocrx_word' id='word_1_17' title='bbox 1183 200 1275 256; x_wconf 87' lang='grc' dir='ltr'><em>καὶ</em></span> <span class='ocrx_word' id='word_1_18' title='bbox 1306 210 1408 257; x_wconf 85' lang='grc' dir='ltr'><em>τοῦ</em></span> <span class='ocrx_word' id='word_1_19' title='bbox 1441 201 1678 275; x_wconf 77' lang='grc' dir='ltr'><strong><em>κέντρου</em></strong></span> <span class='ocrx_word' id='word_1_20' title='bbox 1705 206 1961 275; x_wconf 68' lang='grc' dir='ltr'><em>συζυγεῖς</em></span> 
     </span>
     <span class='ocr_line' id='line_1_8' title="bbox 261 288 1971 364; baseline -0.002 -15"><span class='ocrx_word' id='word_1_21' title='bbox 261 298 481 349; x_wconf 79' lang='grc' dir='ltr'><em>ἔσονται</em></span> <span class='ocrx_word' id='word_1_22' title='bbox 525 292 810 364; x_wconf 80' lang='grc' dir='ltr'><em>διάμετροι</em></span> <span class='ocrx_word' id='word_1_23' title='bbox 848 299 962 346; x_wconf 79' lang='grc' dir='ltr'><em>τῶν</em></span> <span class='ocrx_word' id='word_1_24' title='bbox 1001 288 1414 362; x_wconf 81' lang='grc' dir='ltr'><em>ἀντικειμένων.</em></span> <span class='ocrx_word' id='word_1_25' title='bbox 1958 297 1971 357; x_wconf 50' lang='grc' dir='ltr'><em>ἱ,</em></span> 
     </span>
     <span class='ocr_line' id='line_1_9' title="bbox 375 359 1970 456; baseline 0.001 -18"><span class='ocrx_word' id='word_1_26' title='bbox 375 387 623 438; x_wconf 83' lang='grc' dir='ltr'><em>ἔστωσαν</em></span> <span class='ocrx_word' id='word_1_27' title='bbox 653 381 792 436; x_wconf 80' lang='grc' dir='ltr'><em>κατὰ</em></span> <span class='ocrx_word' id='word_1_28' title='bbox 826 384 1091 452; x_wconf 78' lang='grc' dir='ltr'><em>συζυγίαν</em></span> <span class='ocrx_word' id='word_1_29' title='bbox 1126 377 1516 452; x_wconf 82' lang='grc' dir='ltr'><em>ἀντικείμεναι,</em></span> <span class='ocrx_word' id='word_1_30' title='bbox 1557 373 1639 437; x_wconf 75' lang='grc' dir='ltr'><em>ὧν</em></span> <span class='ocrx_word' id='word_1_31' title='bbox 1672 359 1970 456; x_wconf 46' lang='grc' dir='ltr'><em>ὃιάμετροι(,</em></span> 
     </span>
     <span class='ocr_line' id='line_1_10' title="bbox 259 466 1956 544; baseline -0.001 -16"><span class='ocrx_word' id='word_1_32' title='bbox 259 477 510 544; x_wconf 82' lang='grc' dir='ltr'><em>συζυγεῖς</em></span> <span class='ocrx_word' id='word_1_33' title='bbox 556 473 618 526; x_wconf 80' lang='grc' dir='ltr'><em>αἱ</em></span> <span class='ocrx_word' id='word_1_34' title='bbox 661 475 795 541; x_wconf 92' lang='grc' dir='ltr'><em>ΑΒ,</em></span> <span class='ocrx_word' id='word_1_35' title='bbox 835 474 971 541; x_wconf 85' lang='grc' dir='ltr'><em>ΓΛ,</em></span> <span class='ocrx_word' id='word_1_36' title='bbox 1019 470 1254 542; x_wconf 76' lang='grc' dir='ltr'><em>κέντρον</em></span> <span class='ocrx_word' id='word_1_37' title='bbox 1302 468 1365 524; x_wconf 76' lang='grc' dir='ltr'><em>δὲ</em></span> <span class='ocrx_word' id='word_1_38' title='bbox 1410 466 1471 525; x_wconf 89' lang='grc' dir='ltr'><em>τὸ</em></span> <span class='ocrx_word' id='word_1_39' title='bbox 1512 475 1583 541; x_wconf 90' lang='lat' dir='ltr'><em>X,</em></span> <span class='ocrx_word' id='word_1_40' title='bbox 1629 470 1721 526; x_wconf 87' lang='grc' dir='ltr'><em>καὶ</em></span> <span class='ocrx_word' id='word_1_41' title='bbox 1766 473 1865 542; x_wconf 84' lang='grc' dir='ltr'><em>τῆς</em></span> <span class='ocrx_word' id='word_1_42' title='bbox 1903 478 1956 527; x_wconf 92' lang='grc' dir='ltr'><em>Α</em></span> 
     </span>
     <span class='ocr_line' id='line_1_11' title="bbox 255 556 1980 634; baseline -0.001 -16"><span class='ocrx_word' id='word_1_43' title='bbox 255 571 428 634; x_wconf 82' lang='grc' dir='ltr'><em>τομῆς</em></span> <span class='ocrx_word' id='word_1_44' title='bbox 471 560 630 633; x_wconf 91' lang='grc' dir='ltr'><em>ἤχθω</em></span> <span class='ocrx_word' id='word_1_45' title='bbox 679 559 1029 632; x_wconf 81' lang='grc' dir='ltr'><em>ἐφαπτομένη</em></span> <span class='ocrx_word' id='word_1_46' title='bbox 1079 556 1112 630; x_wconf 79' lang='grc' dir='ltr'><strong><em>ἡ</em></strong></span> <span class='ocrx_word' id='word_1_47' title='bbox 1152 564 1257 614; x_wconf 91' lang='grc' dir='ltr'><em>ΕΖ</em></span> <span class='ocrx_word' id='word_1_48' title='bbox 1303 559 1395 614; x_wconf 88' lang='grc' dir='ltr'><em>καὶ</em></span> <span class='ocrx_word' id='word_1_49' title='bbox 1443 561 1776 631; x_wconf 80' lang='grc' dir='ltr'><em>ἐκβληθεῖσα</em></span> <span class='ocrx_word' id='word_1_50' title='bbox 1815 576 1980 632; x_wconf 87' lang='grc' dir='ltr'><em>συμ--</em></span> 
     </span>
     <span class='ocr_line' id='line_1_12' title="bbox 256 645 1957 723; baseline -0.001 -16"><span class='ocrx_word' id='word_1_51' title='bbox 256 651 495 707; x_wconf 82' lang='grc' dir='ltr'><em>πιπτέτω</em></span> <span class='ocrx_word' id='word_1_52' title='bbox 535 658 602 723; x_wconf 84' lang='grc' dir='ltr'><em>τῇ</em></span> <span class='ocrx_word' id='word_1_53' title='bbox 642 655 753 705; x_wconf 78' lang='lat' dir='ltr'><em>PX</em></span> <span class='ocrx_word' id='word_1_54' title='bbox 783 649 922 704; x_wconf 81' lang='grc' dir='ltr'><em>κατὰ</em></span> <span class='ocrx_word' id='word_1_55' title='bbox 962 646 1023 704; x_wconf 89' lang='grc' dir='ltr'><em>τὸ</em></span> <span class='ocrx_word' id='word_1_56' title='bbox 1069 653 1128 719; x_wconf 88' lang='grc' dir='ltr'><em>Τ,</em></span> <span class='ocrx_word' id='word_1_57' title='bbox 1169 648 1260 703; x_wconf 83' lang='grc' dir='ltr'><em>καὶ</em></span> <span class='ocrx_word' id='word_1_58' title='bbox 1301 648 1612 720; x_wconf 80' lang='grc' dir='ltr'><em>ἐπεζεύχθω</em></span> <span class='ocrx_word' id='word_1_59' title='bbox 1651 645 1685 720; x_wconf 83' lang='grc' dir='ltr'>ἡ</span> <span class='ocrx_word' id='word_1_60' title='bbox 1719 653 1834 704; x_wconf 89' lang='lat' dir='ltr'><em>EX</em></span> <span class='ocrx_word' id='word_1_61' title='bbox 1863 649 1957 705; x_wconf 83' lang='grc' dir='ltr'><em>καὶ</em></span> 
     </span>
     <span class='ocr_line' id='line_1_13' title="bbox 261 735 1957 812; baseline -0.002 -15"><span class='ocrx_word' id='word_1_62' title='bbox 261 738 623 812; x_wconf 81' lang='grc' dir='ltr'><em>ἐκβεβλήσθω</em></span> <span class='ocrx_word' id='word_1_63' title='bbox 665 738 752 794; x_wconf 80' lang='grc' dir='ltr'><em>ἐπὶ</em></span> <span class='ocrx_word' id='word_1_64' title='bbox 791 735 853 793; x_wconf 90' lang='grc' dir='ltr'><em>τὸ</em></span> <span class='ocrx_word' id='word_1_65' title='bbox 894 738 965 807; x_wconf 80' lang='grc' dir='ltr'><em>Ξ,</em></span> <span class='ocrx_word' id='word_1_66' title='bbox 1003 736 1095 792; x_wconf 87' lang='grc' dir='ltr'><em>καὶ</em></span> <span class='ocrx_word' id='word_1_67' title='bbox 1137 735 1230 792; x_wconf 79' lang='grc' dir='ltr'><em>διὰ</em></span> <span class='ocrx_word' id='word_1_68' title='bbox 1271 739 1373 793; x_wconf 85' lang='grc' dir='ltr'><em>τοῦ</em></span> <span class='ocrx_word' id='word_1_69' title='bbox 1413 742 1470 792; x_wconf 89' lang='grc' dir='ltr'><em>Χ</em></span> <span class='ocrx_word' id='word_1_70' title='bbox 1500 741 1567 811; x_wconf 82' lang='grc' dir='ltr'><em>τῇ</em></span> <span class='ocrx_word' id='word_1_71' title='bbox 1606 743 1710 793; x_wconf 90' lang='grc' dir='ltr'><em>ΕΖ</em></span> <span class='ocrx_word' id='word_1_72' title='bbox 1748 737 1957 811; x_wconf 90' lang='grc' dir='ltr'><em>παράλ-</em></span> 
     </span>
     <span class='ocr_line' id='line_1_14' title="bbox 255 824 1958 902; baseline -0.002 -16"><span class='ocrx_word' id='word_1_73' title='bbox 255 836 424 902; x_wconf 76' lang='grc' dir='ltr'><em>ληλος</em></span> <span class='ocrx_word' id='word_1_74' title='bbox 472 828 632 901; x_wconf 90' lang='grc' dir='ltr'><em>ἤχθω</em></span> <span class='ocrx_word' id='word_1_75' title='bbox 679 825 713 899; x_wconf 82' lang='grc' dir='ltr'>ἡ</span> <span class='ocrx_word' id='word_1_76' title='bbox 755 831 896 898; x_wconf 89' lang='grc' dir='ltr'><em>ΧΗ,</em></span> <span class='ocrx_word' id='word_1_77' title='bbox 942 825 1035 883; x_wconf 86' lang='grc' dir='ltr'><em>καὶ</em></span> <span class='ocrx_word' id='word_1_78' title='bbox 1083 824 1176 882; x_wconf 83' lang='grc' dir='ltr'><em>διὰ</em></span> <span class='ocrx_word' id='word_1_79' title='bbox 1224 829 1326 882; x_wconf 86' lang='grc' dir='ltr'><em>τοῦ</em></span> <span class='ocrx_word' id='word_1_80' title='bbox 1364 832 1431 881; x_wconf 89' lang='grc' dir='ltr'><em>Η</em></span> <span class='ocrx_word' id='word_1_81' title='bbox 1471 827 1822 899; x_wconf 81' lang='grc' dir='ltr'><em>ἐφαπτομένη</em></span> <span class='ocrx_word' id='word_1_82' title='bbox 1859 829 1958 899; x_wconf 84' lang='grc' dir='ltr'><em>τῆς</em></span> 
     </span>
     <span class='ocr_line' id='line_1_15' title="bbox 255 913 1952 991; baseline -0.002 -15"><span class='ocrx_word' id='word_1_83' title='bbox 255 922 427 991; x_wconf 81' lang='grc' dir='ltr'><em>τομῆς</em></span> <span class='ocrx_word' id='word_1_84' title='bbox 473 917 632 990; x_wconf 89' lang='grc' dir='ltr'><em>ἤχθω</em></span> <span class='ocrx_word' id='word_1_85' title='bbox 680 915 714 989; x_wconf 82' lang='grc' dir='ltr'>ἡ</span> <span class='ocrx_word' id='word_1_86' title='bbox 763 922 890 974; x_wconf 82' lang='grc' dir='ltr'><em>ΘΗ.</em></span> <span class='ocrx_word' id='word_1_87' title='bbox 967 917 1133 987; x_wconf 88' lang='grc' dir='ltr'><em>λέγω,</em></span> <span class='ocrx_word' id='word_1_88' title='bbox 1182 913 1268 972; x_wconf 79' lang='grc' dir='ltr'><em>ὅτι</em></span> <span class='ocrx_word' id='word_1_89' title='bbox 1315 914 1670 988; x_wconf 84' lang='grc' dir='ltr'><em>παράλληλός</em></span> <span class='ocrx_word' id='word_1_90' title='bbox 1717 918 1871 972; x_wconf 84' lang='grc' dir='ltr'><em>ἐστιν</em></span> <span class='ocrx_word' id='word_1_91' title='bbox 1917 913 1952 987; x_wconf 83' lang='grc' dir='ltr'>ἡ</span> 
     </span>
     <span class='ocr_line' id='line_1_16' title="bbox 257 1004 1955 1082; baseline -0.002 -18"><span class='ocrx_word' id='word_1_92' title='bbox 257 1011 370 1064; x_wconf 85' lang='grc' dir='ltr'><em>ΘΗ</em></span> <span class='ocrx_word' id='word_1_93' title='bbox 407 1011 473 1082; x_wconf 80' lang='grc' dir='ltr'><em>τῇ</em></span> <span class='ocrx_word' id='word_1_94' title='bbox 516 1013 646 1078; x_wconf 86' lang='grc' dir='ltr'><em>ΧΕ,</em></span> <span class='ocrx_word' id='word_1_95' title='bbox 697 1009 757 1062; x_wconf 85' lang='grc' dir='ltr'><em>αί</em></span> <span class='ocrx_word' id='word_1_96' title='bbox 795 1005 856 1062; x_wconf 74' lang='grc' dir='ltr'><em>δὲ</em></span> <span class='ocrx_word' id='word_1_97' title='bbox 894 1011 955 1061; x_wconf 92' lang='lat' dir='ltr'><em>H</em></span> <span class='ocrx_word' id='word_1_98' title='bbox 965 1011 1035 1077; x_wconf 88' lang='grc' dir='ltr'><em>Ο,</em></span> <span class='ocrx_word' id='word_1_99' title='bbox 1076 1007 1182 1068; x_wconf 82' lang='grc' dir='ltr'><em>ΕΞ</em></span> <span class='ocrx_word' id='word_1_100' title='bbox 1218 1010 1470 1076; x_wconf 82' lang='grc' dir='ltr'><em>συζυγεῖς</em></span> <span class='ocrx_word' id='word_1_101' title='bbox 1508 1008 1614 1061; x_wconf 77' lang='grc' dir='ltr'><em>εἰσι</em></span> <span class='ocrx_word' id='word_1_102' title='bbox 1655 1004 1955 1077; x_wconf 82' lang='grc' dir='ltr'><em>διάμετροι.</em></span> 
     </span>
     <span class='ocr_line' id='line_1_17' title="bbox 368 1095 1960 1170; baseline -0.001 -17"><span class='ocrx_word' id='word_1_103' title='bbox 368 1096 638 1170; x_wconf 80' lang='grc' dir='ltr'><em>ἤχθωσαν</em></span> <span class='ocrx_word' id='word_1_104' title='bbox 703 1095 811 1167; x_wconf 83' lang='grc' dir='ltr'><em>γὰρ</em></span> <span class='ocrx_word' id='word_1_105' title='bbox 865 1096 1210 1167; x_wconf 77' lang='grc' dir='ltr'><em>τεταγμένως</em></span> <span class='ocrx_word' id='word_1_106' title='bbox 1264 1098 1327 1150; x_wconf 74' lang='grc' dir='ltr'><em>αἰ</em></span> <span class='ocrx_word' id='word_1_107' title='bbox 1376 1101 1512 1164; x_wconf 90' lang='grc' dir='ltr'><em>ΚΕ,</em></span> <span class='ocrx_word' id='word_1_108' title='bbox 1566 1099 1713 1166; x_wconf 91' lang='grc' dir='ltr'><em>ΗΛ,</em></span> <span class='ocrx_word' id='word_1_109' title='bbox 1768 1098 1960 1168; x_wconf 87' lang='grc' dir='ltr'><em>ΓΡΠ,</em></span> 
     </span>
     <span class='ocr_line' id='line_1_18' title="bbox 255 1183 1956 1259; baseline -0.002 -16"><span class='ocrx_word' id='word_1_110' title='bbox 255 1185 385 1259; x_wconf 82' lang='grc' dir='ltr'><em>παρ’</em></span> <span class='ocrx_word' id='word_1_111' title='bbox 437 1183 504 1252; x_wconf 78' lang='grc' dir='ltr'><em>ἃς</em></span> <span class='ocrx_word' id='word_1_112' title='bbox 566 1185 627 1242; x_wconf 77' lang='grc' dir='ltr'><em>δὲ</em></span> <span class='ocrx_word' id='word_1_113' title='bbox 687 1184 960 1241; x_wconf 81' lang='grc' dir='ltr'><em>δύνανται</em></span> <span class='ocrx_word' id='word_1_114' title='bbox 1017 1187 1078 1239; x_wconf 77' lang='grc' dir='ltr'><em>αἱ</em></span> <span class='ocrx_word' id='word_1_115' title='bbox 1127 1183 1525 1256; x_wconf 86' lang='grc' dir='ltr'><em>καταγόμεναι,</em></span> <span class='ocrx_word' id='word_1_116' title='bbox 1588 1188 1838 1241; x_wconf 82' lang='grc' dir='ltr'><em>ἔστωσαν</em></span> <span class='ocrx_word' id='word_1_117' title='bbox 1893 1185 1956 1239; x_wconf 81' lang='grc' dir='ltr'><em>αἱ</em></span> 
     </span>
     <span class='ocr_line' id='line_1_19' title="bbox 257 1269 1955 1348; baseline -0.002 -16"><span class='ocrx_word' id='word_1_118' title='bbox 257 1282 405 1348; x_wconf 87' lang='grc' dir='ltr'><em>ΑΜ,</em></span> <span class='ocrx_word' id='word_1_119' title='bbox 446 1281 572 1331; x_wconf 89' lang='grc' dir='ltr'><em>ΓΝ.</em></span> <span class='ocrx_word' id='word_1_120' title='bbox 651 1275 765 1331; x_wconf 83' lang='grc' dir='ltr'><em>ἐπεὶ</em></span> <span class='ocrx_word' id='word_1_121' title='bbox 818 1269 922 1330; x_wconf 82' lang='grc' dir='ltr'><em>οὗν</em></span> <span class='ocrx_word' id='word_1_122' title='bbox 971 1276 1147 1345; x_wconf 79' lang='grc' dir='ltr'><em>ἐστιν,</em></span> <span class='ocrx_word' id='word_1_123' title='bbox 1199 1271 1272 1339; x_wconf 80' lang='grc' dir='ltr'><em>ὡς</em></span> <span class='ocrx_word' id='word_1_124' title='bbox 1319 1271 1353 1345; x_wconf 81' lang='grc' dir='ltr'><em>ἡ</em></span> <span class='ocrx_word' id='word_1_125' title='bbox 1395 1279 1505 1329; x_wconf 91' lang='grc' dir='ltr'><em>ΒΑ</em></span> <span class='ocrx_word' id='word_1_126' title='bbox 1543 1273 1683 1346; x_wconf 86' lang='grc' dir='ltr'><em>πρὸς</em></span> <span class='ocrx_word' id='word_1_127' title='bbox 1721 1279 1873 1343; x_wconf 90' lang='grc' dir='ltr'><em>ΑΜ,</em></span> <span class='ocrx_word' id='word_1_128' title='bbox 1919 1270 1955 1345; x_wconf 81' lang='grc' dir='ltr'><em>ἡ</em></span> 
     </span>
     <span class='ocr_line' id='line_1_20' title="bbox 256 1360 1954 1439; baseline -0.002 -18"><span class='ocrx_word' id='word_1_129' title='bbox 256 1370 376 1421; x_wconf 82' lang='lat' dir='ltr'><em>NF</em></span> <span class='ocrx_word' id='word_1_130' title='bbox 408 1365 547 1439; x_wconf 82' lang='grc' dir='ltr'><em>πρὸς</em></span> <span class='ocrx_word' id='word_1_131' title='bbox 579 1369 714 1435; x_wconf 89' lang='grc' dir='ltr'><em>ΓΔ,</em></span> <span class='ocrx_word' id='word_1_132' title='bbox 755 1361 876 1419; x_wconf 83' lang='grc' dir='ltr'><em>ἀλλ’</em></span> <span class='ocrx_word' id='word_1_133' title='bbox 916 1361 991 1429; x_wconf 77' lang='grc' dir='ltr'><em>ὡς</em></span> <span class='ocrx_word' id='word_1_134' title='bbox 1029 1363 1131 1436; x_wconf 74' lang='grc' dir='ltr'><em>μὲν</em></span> <span class='ocrx_word' id='word_1_135' title='bbox 1171 1360 1204 1434; x_wconf 84' lang='grc' dir='ltr'>ἡ</span> <span class='ocrx_word' id='word_1_136' title='bbox 1238 1368 1348 1418; x_wconf 92' lang='lat' dir='ltr'><em>BA</em></span> <span class='ocrx_word' id='word_1_137' title='bbox 1386 1364 1527 1435; x_wconf 86' lang='grc' dir='ltr'><em>πρὸς</em></span> <span class='ocrx_word' id='word_1_138' title='bbox 1558 1368 1708 1433; x_wconf 93' lang='grc' dir='ltr'><em>ΑΜ,</em></span> <span class='ocrx_word' id='word_1_139' title='bbox 1748 1360 1812 1418; x_wconf 88' lang='grc' dir='ltr'><em>τὸ</em></span> <span class='ocrx_word' id='word_1_140' title='bbox 1843 1360 1954 1419; x_wconf 82' lang='grc' dir='ltr'><em>ὑπὸ</em></span> 
     </span>
     <span class='ocr_line' id='line_1_21' title="bbox 256 1449 2028 1526; baseline -0.003 -16"><span class='ocrx_word' id='word_1_141' title='bbox 256 1460 422 1510; x_wconf 89' lang='grc' dir='ltr'><em>ΧΚΖ</em></span> <span class='ocrx_word' id='word_1_142' title='bbox 470 1452 607 1526; x_wconf 89' lang='grc' dir='ltr'><em>πρὸς</em></span> <span class='ocrx_word' id='word_1_143' title='bbox 652 1451 715 1509; x_wconf 90' lang='grc' dir='ltr'><em>τὸ</em></span> <span class='ocrx_word' id='word_1_144' title='bbox 756 1450 863 1509; x_wconf 82' lang='grc' dir='ltr'><em>ἀπὸ</em></span> <span class='ocrx_word' id='word_1_145' title='bbox 906 1458 1040 1520; x_wconf 88' lang='grc' dir='ltr'><em>ΚΕ,</em></span> <span class='ocrx_word' id='word_1_146' title='bbox 1088 1449 1163 1517; x_wconf 74' lang='grc' dir='ltr'><em>ὥς</em></span> <span class='ocrx_word' id='word_1_147' title='bbox 1203 1451 1265 1507; x_wconf 77' lang='grc' dir='ltr'><em>δὲ</em></span> <span class='ocrx_word' id='word_1_148' title='bbox 1304 1450 1338 1523; x_wconf 76' lang='grc' dir='ltr'>ἡ</span> <span class='ocrx_word' id='word_1_149' title='bbox 1378 1457 1498 1507; x_wconf 82' lang='lat' dir='ltr'><em>NF</em></span> <span class='ocrx_word' id='word_1_150' title='bbox 1528 1453 1669 1526; x_wconf 83' lang='grc' dir='ltr'><em>πρὸς</em></span> <span class='ocrx_word' id='word_1_151' title='bbox 1706 1457 1843 1523; x_wconf 93' lang='grc' dir='ltr'><em>ΓΔ,</em></span> <span class='ocrx_word' id='word_1_152' title='bbox 1889 1449 1944 1508; x_wconf 70' lang='grc' dir='ltr'><em>τί</em></span> <span class='ocrx_word' id='word_1_153' title='bbox 2026 1500 2028 1503; x_wconf 92' lang='grc'>.</span> 
     </span>
     <span class='ocr_line' id='line_1_22' title="bbox 256 1538 2028 1616; baseline -0.002 -17"><span class='ocrx_word' id='word_1_154' title='bbox 256 1542 363 1600; x_wconf 86' lang='grc' dir='ltr'><em>ἀπὸ</em></span> <span class='ocrx_word' id='word_1_155' title='bbox 413 1548 531 1598; x_wconf 92' lang='grc' dir='ltr'><em>ΗΛ</em></span> <span class='ocrx_word' id='word_1_156' title='bbox 587 1541 728 1616; x_wconf 86' lang='grc' dir='ltr'><em>πρὸς</em></span> <span class='ocrx_word' id='word_1_157' title='bbox 780 1541 843 1598; x_wconf 90' lang='grc' dir='ltr'><em>τὸ</em></span> <span class='ocrx_word' id='word_1_158' title='bbox 896 1539 1006 1598; x_wconf 83' lang='grc' dir='ltr'><em>ὑπὸ</em></span> <span class='ocrx_word' id='word_1_159' title='bbox 1056 1547 1247 1613; x_wconf 83' lang='grc' dir='ltr'><em>ΧΛΘ,</em></span> <span class='ocrx_word' id='word_1_160' title='bbox 1302 1540 1394 1596; x_wconf 82' lang='grc' dir='ltr'><em>καὶ</em></span> <span class='ocrx_word' id='word_1_161' title='bbox 1446 1538 1521 1607; x_wconf 75' lang='grc' dir='ltr'><em>ὡς</em></span> <span class='ocrx_word' id='word_1_162' title='bbox 1573 1539 1680 1613; x_wconf 82' lang='grc' dir='ltr'><em>ἄρα</em></span> <span class='ocrx_word' id='word_1_163' title='bbox 1733 1541 1795 1597; x_wconf 89' lang='grc' dir='ltr'><em>τὸ</em></span> <span class='ocrx_word' id='word_1_164' title='bbox 1848 1538 1957 1597; x_wconf 81' lang='grc' dir='ltr'><em>ὑπὸ</em></span> <span class='ocrx_word' id='word_1_165' title='bbox 2018 1563 2028 1612; x_wconf 61' lang='grc' dir='ltr'><em>ς</em></span> 
     </span>
     <span class='ocr_line' id='line_1_23' title="bbox 255 1613 2028 1706; baseline -0.002 -16"><span class='ocrx_word' id='word_1_166' title='bbox 255 1639 425 1690; x_wconf 90' lang='grc' dir='ltr'><em>ΧΚΖ</em></span> <span class='ocrx_word' id='word_1_167' title='bbox 472 1634 612 1706; x_wconf 88' lang='grc' dir='ltr'><em>πρὸς</em></span> <span class='ocrx_word' id='word_1_168' title='bbox 658 1633 720 1689; x_wconf 87' lang='grc' dir='ltr'><em>τὸ</em></span> <span class='ocrx_word' id='word_1_169' title='bbox 771 1629 881 1688; x_wconf 85' lang='grc' dir='ltr'><em>άπὸ</em></span> <span class='ocrx_word' id='word_1_170' title='bbox 931 1637 1066 1703; x_wconf 89' lang='grc' dir='ltr'><em>ΕΚ,</em></span> <span class='ocrx_word' id='word_1_171' title='bbox 1112 1630 1173 1687; x_wconf 84' lang='grc' dir='ltr'><em>τὸ</em></span> <span class='ocrx_word' id='word_1_172' title='bbox 1223 1630 1332 1687; x_wconf 83' lang='grc' dir='ltr'><em>ἀπὸ</em></span> <span class='ocrx_word' id='word_1_173' title='bbox 1383 1636 1501 1686; x_wconf 89' lang='lat' dir='ltr'><em>HA</em></span> <span class='ocrx_word' id='word_1_174' title='bbox 1547 1629 1684 1702; x_wconf 86' lang='grc' dir='ltr'><em>πρὸς</em></span> <span class='ocrx_word' id='word_1_175' title='bbox 1729 1628 1791 1687; x_wconf 90' lang='grc' dir='ltr'><em>τὸ</em></span> <span class='ocrx_word' id='word_1_176' title='bbox 1839 1627 1953 1687; x_wconf 83' lang='grc' dir='ltr'><em>ὑπο</em></span> <span class='ocrx_word' id='word_1_177' title='bbox 2016 1613 2028 1662; x_wconf 43' lang='grc' dir='ltr'><strong><em>ὲ</em></strong></span> 
     </span>
     <span class='ocr_line' id='line_1_24' title="bbox 256 1717 1951 1793; baseline -0.002 -16"><span class='ocrx_word' id='word_1_178' title='bbox 256 1728 436 1778; x_wconf 85' lang='grc' dir='ltr'><em>ΧΛΘ.</em></span> <span class='ocrx_word' id='word_1_179' title='bbox 507 1721 648 1778; x_wconf 81' lang='grc' dir='ltr'><em>ἀλλὰ</em></span> <span class='ocrx_word' id='word_1_180' title='bbox 687 1719 750 1778; x_wconf 89' lang='grc' dir='ltr'><em>τὸ</em></span> <span class='ocrx_word' id='word_1_181' title='bbox 791 1721 893 1793; x_wconf 74' lang='grc' dir='ltr'><em>μὲν</em></span> <span class='ocrx_word' id='word_1_182' title='bbox 933 1719 1043 1776; x_wconf 85' lang='grc' dir='ltr'><em>ὑπὸ</em></span> <span class='ocrx_word' id='word_1_183' title='bbox 1078 1725 1242 1775; x_wconf 90' lang='grc' dir='ltr'><em>ΧΚΖ</em></span> <span class='ocrx_word' id='word_1_184' title='bbox 1281 1718 1421 1791; x_wconf 85' lang='grc' dir='ltr'><em>πρὸς</em></span> <span class='ocrx_word' id='word_1_185' title='bbox 1458 1718 1518 1775; x_wconf 89' lang='grc' dir='ltr'><em>τὸ</em></span> <span class='ocrx_word' id='word_1_186' title='bbox 1561 1717 1669 1776; x_wconf 80' lang='grc' dir='ltr'><em>ἀπὸ</em></span> <span class='ocrx_word' id='word_1_187' title='bbox 1705 1725 1824 1775; x_wconf 89' lang='grc' dir='ltr'><em>ΚΕ</em></span> <span class='ocrx_word' id='word_1_188' title='bbox 1849 1717 1951 1776; x_wconf 89' lang='grc' dir='ltr'><em>τὸν</em></span> 
     </span>
     <span class='ocr_line' id='line_1_25' title="bbox 256 1809 2003 1883; baseline -0.002 -16"><span class='ocrx_word' id='word_1_189' title='bbox 256 1816 621 1883; x_wconf 88' lang='grc' dir='ltr'><em>συγκείμενον</em></span> <span class='ocrx_word' id='word_1_190' title='bbox 677 1815 785 1882; x_wconf 82' lang='grc' dir='ltr'><em>ἔχει</em></span> <span class='ocrx_word' id='word_1_191' title='bbox 841 1809 1014 1882; x_wconf 87' lang='grc' dir='ltr'><em>λόγον</em></span> <span class='ocrx_word' id='word_1_192' title='bbox 1072 1812 1130 1865; x_wconf 79' lang='grc' dir='ltr'><em>ἐκ</em></span> <span class='ocrx_word' id='word_1_193' title='bbox 1183 1812 1285 1865; x_wconf 85' lang='grc' dir='ltr'><em>τοῦ</em></span> <span class='ocrx_word' id='word_1_194' title='bbox 1338 1812 1434 1880; x_wconf 84' lang='grc' dir='ltr'><em>τῆς</em></span> <span class='ocrx_word' id='word_1_195' title='bbox 1483 1814 1599 1864; x_wconf 90' lang='grc' dir='ltr'><em>ΧΚ</em></span> <span class='ocrx_word' id='word_1_196' title='bbox 1656 1809 1795 1880; x_wconf 80' lang='grc' dir='ltr'><em>πρὸς</em></span> <span class='ocrx_word' id='word_1_197' title='bbox 1840 1813 1958 1864; x_wconf 88' lang='grc' dir='ltr'><em>ΚΕ</em></span> <span class='ocrx_word' id='word_1_198' title='bbox 2002 1827 2003 1830; x_wconf 74' lang='grc'>’</span> 
     </span>
     <span class='ocr_line' id='line_1_26' title="bbox 253 1895 1949 1972; baseline -0.001 -17"><span class='ocrx_word' id='word_1_199' title='bbox 253 1900 345 1955; x_wconf 87' lang='grc' dir='ltr'><em>καὶ</em></span> <span class='ocrx_word' id='word_1_200' title='bbox 393 1904 494 1956; x_wconf 84' lang='grc' dir='ltr'><em>τοῦ</em></span> <span class='ocrx_word' id='word_1_201' title='bbox 541 1903 637 1971; x_wconf 86' lang='grc' dir='ltr'><em>τῆς</em></span> <span class='ocrx_word' id='word_1_202' title='bbox 678 1906 790 1955; x_wconf 92' lang='grc' dir='ltr'><em>ΖΚ</em></span> <span class='ocrx_word' id='word_1_203' title='bbox 832 1900 973 1972; x_wconf 88' lang='grc' dir='ltr'><em>πρὸς</em></span> <span class='ocrx_word' id='word_1_204' title='bbox 1011 1904 1148 1968; x_wconf 90' lang='grc' dir='ltr'><em>ΚΕ,</em></span> <span class='ocrx_word' id='word_1_205' title='bbox 1194 1899 1256 1954; x_wconf 90' lang='grc' dir='ltr'><em>τὸ</em></span> <span class='ocrx_word' id='word_1_206' title='bbox 1304 1897 1365 1953; x_wconf 73' lang='grc' dir='ltr'><em>δὲ</em></span> <span class='ocrx_word' id='word_1_207' title='bbox 1405 1896 1514 1953; x_wconf 82' lang='grc' dir='ltr'><em>άπὸ</em></span> <span class='ocrx_word' id='word_1_208' title='bbox 1554 1903 1672 1953; x_wconf 89' lang='grc' dir='ltr'><em>ΗΛ</em></span> <span class='ocrx_word' id='word_1_209' title='bbox 1710 1897 1849 1970; x_wconf 87' lang='grc' dir='ltr'><em>πρὸς</em></span> <span class='ocrx_word' id='word_1_210' title='bbox 1886 1895 1949 1952; x_wconf 91' lang='grc' dir='ltr'><em>τὸ</em></span> 
     </span>
     <span class='ocr_line' id='line_1_27' title="bbox 253 1983 1952 2059; baseline -0.002 -14"><span class='ocrx_word' id='word_1_211' title='bbox 253 1988 365 2045; x_wconf 83' lang='grc' dir='ltr'><em>ὑπὸ</em></span> <span class='ocrx_word' id='word_1_212' title='bbox 400 1995 457 2044; x_wconf 91' lang='grc' dir='ltr'><em>Χ</em></span> <span class='ocrx_word' id='word_1_213' title='bbox 465 1995 571 2045; x_wconf 86' lang='grc' dir='ltr'><em>ΛΘ</em></span> <span class='ocrx_word' id='word_1_214' title='bbox 608 1987 707 2045; x_wconf 89' lang='grc' dir='ltr'><em>τὸν</em></span> <span class='ocrx_word' id='word_1_215' title='bbox 749 1993 1115 2059; x_wconf 89' lang='grc' dir='ltr'><em>συγκείμενον</em></span> <span class='ocrx_word' id='word_1_216' title='bbox 1147 1992 1256 2059; x_wconf 82' lang='grc' dir='ltr'><em>ἔχει</em></span> <span class='ocrx_word' id='word_1_217' title='bbox 1287 1986 1460 2058; x_wconf 91' lang='grc' dir='ltr'><em>λόγον</em></span> <span class='ocrx_word' id='word_1_218' title='bbox 1494 1988 1552 2042; x_wconf 80' lang='grc' dir='ltr'><em>ἐκ</em></span> <span class='ocrx_word' id='word_1_219' title='bbox 1582 1989 1703 2057; x_wconf 87' lang='grc' dir='ltr'><em>τοῦ,</em></span> <span class='ocrx_word' id='word_1_220' title='bbox 1743 1983 1811 2042; x_wconf 83' lang='grc' dir='ltr'><em>ὃν</em></span> <span class='ocrx_word' id='word_1_221' title='bbox 1842 1989 1952 2057; x_wconf 84' lang='grc' dir='ltr'><em>ἔχει</em></span> 
     </span>
     <span class='ocr_line' id='line_1_28' title="bbox 253 2066 1999 2150; baseline -0.002 -16"><span class='ocrx_word' id='word_1_222' title='bbox 253 2076 287 2150; x_wconf 79' lang='grc' dir='ltr'><em>ἡ</em></span> <span class='ocrx_word' id='word_1_223' title='bbox 328 2083 447 2134; x_wconf 89' lang='grc' dir='ltr'><em>ΗΛ</em></span> <span class='ocrx_word' id='word_1_224' title='bbox 493 2077 633 2150; x_wconf 88' lang='grc' dir='ltr'><em>πρὸς</em></span> <span class='ocrx_word' id='word_1_225' title='bbox 674 2083 810 2144; x_wconf 86' lang='grc' dir='ltr'><em>ΛΧ,</em></span> <span class='ocrx_word' id='word_1_226' title='bbox 856 2078 949 2132; x_wconf 86' lang='grc' dir='ltr'><em>καὶ</em></span> <span class='ocrx_word' id='word_1_227' title='bbox 988 2074 1022 2148; x_wconf 79' lang='grc' dir='ltr'><em>ἡ</em></span> <span class='ocrx_word' id='word_1_228' title='bbox 1063 2082 1183 2131; x_wconf 91' lang='grc' dir='ltr'><em>ΗΛ</em></span> <span class='ocrx_word' id='word_1_229' title='bbox 1221 2074 1359 2149; x_wconf 85' lang='grc' dir='ltr'><em>πρὸς</em></span> <span class='ocrx_word' id='word_1_230' title='bbox 1399 2081 1526 2131; x_wconf 81' lang='grc' dir='ltr'><em>ΛΘ·</em></span> <span class='ocrx_word' id='word_1_231' title='bbox 1605 2073 1634 2131; x_wconf 86' lang='grc' dir='ltr'><em>ὅ</em></span> <span class='ocrx_word' id='word_1_232' title='bbox 1675 2074 1784 2149; x_wconf 77' lang='grc' dir='ltr'><em>ἄρα</em></span> <span class='ocrx_word' id='word_1_233' title='bbox 1823 2091 1952 2147; x_wconf 89' lang='grc' dir='ltr'><em>συγ·</em></span> <span class='ocrx_word' id='word_1_234' title='bbox 1994 2066 1999 2076; x_wconf 45' lang='grc'><em>”</em></span> 
     </span>
     <span class='ocr_line' id='line_1_29' title="bbox 253 2163 1955 2242; baseline -0.002 -18"><span class='ocrx_word' id='word_1_235' title='bbox 253 2173 505 2239; x_wconf 81' lang='grc' dir='ltr'><em>κείμενος</em></span> <span class='ocrx_word' id='word_1_236' title='bbox 545 2167 712 2239; x_wconf 88' lang='grc' dir='ltr'><em>λόγος</em></span> <span class='ocrx_word' id='word_1_237' title='bbox 751 2169 809 2223; x_wconf 84' lang='grc' dir='ltr'><em>ἐκ</em></span> <span class='ocrx_word' id='word_1_238' title='bbox 848 2170 949 2242; x_wconf 80' lang='grc' dir='ltr'><em>τοῦ</em></span> <span class='ocrx_word' id='word_1_239' title='bbox 988 2169 1084 2238; x_wconf 84' lang='grc' dir='ltr'><em>τῆς</em></span> <span class='ocrx_word' id='word_1_240' title='bbox 1116 2171 1230 2222; x_wconf 92' lang='grc' dir='ltr'><em>ΧΚ</em></span> <span class='ocrx_word' id='word_1_241' title='bbox 1268 2163 1407 2239; x_wconf 86' lang='grc' dir='ltr'><em>πρὸς</em></span> <span class='ocrx_word' id='word_1_242' title='bbox 1439 2171 1555 2220; x_wconf 92' lang='grc' dir='ltr'><em>ΚΕ</em></span> <span class='ocrx_word' id='word_1_243' title='bbox 1587 2164 1679 2221; x_wconf 88' lang='grc' dir='ltr'><em>καὶ</em></span> <span class='ocrx_word' id='word_1_244' title='bbox 1710 2167 1810 2236; x_wconf 82' lang='grc' dir='ltr'><em>τῆς</em></span> <span class='ocrx_word' id='word_1_245' title='bbox 1840 2170 1955 2220; x_wconf 89' lang='grc' dir='ltr'><em>ΖΚ</em></span> 
     </span>
     <span class='ocr_line' id='line_1_30' title="bbox 253 2253 1983 2332; baseline -0.002 -20"><span class='ocrx_word' id='word_1_246' title='bbox 253 2257 394 2330; x_wconf 85' lang='grc' dir='ltr'><em>πρὸς</em></span> <span class='ocrx_word' id='word_1_247' title='bbox 418 2263 535 2313; x_wconf 91' lang='grc' dir='ltr'><em>ΚΕ</em></span> <span class='ocrx_word' id='word_1_248' title='bbox 572 2254 601 2312; x_wconf 85' lang='grc' dir='ltr'>ὁ</span> <span class='ocrx_word' id='word_1_249' title='bbox 636 2254 802 2321; x_wconf 84' lang='grc' dir='ltr'><em>αὐτός</em></span> <span class='ocrx_word' id='word_1_250' title='bbox 835 2256 949 2311; x_wconf 84' lang='grc' dir='ltr'><em>ἐστι</em></span> <span class='ocrx_word' id='word_1_251' title='bbox 980 2259 1054 2332; x_wconf 80' lang='grc' dir='ltr'><em>τῷ</em></span> <span class='ocrx_word' id='word_1_252' title='bbox 1090 2256 1431 2330; x_wconf 80' lang='grc' dir='ltr'><em>συγκειμένῳ</em></span> <span class='ocrx_word' id='word_1_253' title='bbox 1466 2253 1614 2329; x_wconf 78' lang='grc' dir='ltr'><em>λόγῳ</em></span> <span class='ocrx_word' id='word_1_254' title='bbox 1648 2255 1707 2310; x_wconf 83' lang='grc' dir='ltr'><em>ἐκ</em></span> <span class='ocrx_word' id='word_1_255' title='bbox 1729 2262 1831 2309; x_wconf 89' lang='grc' dir='ltr'><em>τοῦ</em></span> <span class='ocrx_word' id='word_1_256' title='bbox 1851 2262 1951 2325; x_wconf 85' lang='grc' dir='ltr'><em>τῆς</em></span> <span class='ocrx_word' id='word_1_257' title='bbox 1982 2315 1983 2319; x_wconf 11' lang='grc' dir='ltr'><strong>Ἰ</strong></span> 
     </span>
     <span class='ocr_line' id='line_1_31' title="bbox 256 2337 1954 2417; baseline -0.003 -15"><span class='ocrx_word' id='word_1_258' title='bbox 256 2352 379 2402; x_wconf 90' lang='grc' dir='ltr'><em>ΗΛ</em></span> <span class='ocrx_word' id='word_1_259' title='bbox 410 2344 550 2417; x_wconf 89' lang='grc' dir='ltr'><em>πρὸς</em></span> <span class='ocrx_word' id='word_1_260' title='bbox 575 2351 692 2401; x_wconf 92' lang='lat' dir='ltr'><em>AX</em></span> <span class='ocrx_word' id='word_1_261' title='bbox 715 2345 807 2400; x_wconf 89' lang='grc' dir='ltr'><em>καὶ</em></span> <span class='ocrx_word' id='word_1_262' title='bbox 839 2348 941 2400; x_wconf 82' lang='grc' dir='ltr'><em>τοῦ</em></span> <span class='ocrx_word' id='word_1_263' title='bbox 966 2348 1063 2416; x_wconf 83' lang='grc' dir='ltr'><em>τῆς</em></span> <span class='ocrx_word' id='word_1_264' title='bbox 1086 2350 1204 2399; x_wconf 91' lang='grc' dir='ltr'><em>ΗΛ</em></span> <span class='ocrx_word' id='word_1_265' title='bbox 1228 2342 1367 2415; x_wconf 87' lang='grc' dir='ltr'><em>πρὸς</em></span> <span class='ocrx_word' id='word_1_266' title='bbox 1392 2349 1519 2399; x_wconf 82' lang='grc' dir='ltr'><em>ΛΘ·</em></span> <span class='ocrx_word' id='word_1_267' title='bbox 1559 2337 1640 2399; x_wconf 75' lang='grc' dir='ltr'><em>ὧν</em></span> <span class='ocrx_word' id='word_1_268' title='bbox 1665 2340 1694 2399; x_wconf 85' lang='grc' dir='ltr'>ὁ</span> <span class='ocrx_word' id='word_1_269' title='bbox 1720 2346 1817 2414; x_wconf 84' lang='grc' dir='ltr'><em>τῆς</em></span> <span class='ocrx_word' id='word_1_270' title='bbox 1842 2347 1954 2398; x_wconf 88' lang='grc' dir='ltr'><em>ΖΚ</em></span> 
     </span>
     <span class='ocr_line' id='line_1_32' title="bbox 254 2426 1975 2509; baseline -0.002 -18"><span class='ocrx_word' id='word_1_271' title='bbox 254 2436 393 2508; x_wconf 87' lang='grc' dir='ltr'><em>πρὸς</em></span> <span class='ocrx_word' id='word_1_272' title='bbox 418 2440 534 2490; x_wconf 93' lang='grc' dir='ltr'><em>ΚΕ</em></span> <span class='ocrx_word' id='word_1_273' title='bbox 554 2434 718 2506; x_wconf 87' lang='grc' dir='ltr'><em>λόγος</em></span> <span class='ocrx_word' id='word_1_274' title='bbox 744 2431 773 2490; x_wconf 87' lang='grc' dir='ltr'>ὁ</span> <span class='ocrx_word' id='word_1_275' title='bbox 799 2432 968 2499; x_wconf 86' lang='grc' dir='ltr'><em>αὐτός</em></span> <span class='ocrx_word' id='word_1_276' title='bbox 993 2435 1106 2489; x_wconf 83' lang='grc' dir='ltr'><em>ἐστι</em></span> <span class='ocrx_word' id='word_1_277' title='bbox 1130 2436 1204 2509; x_wconf 79' lang='grc' dir='ltr'><em>τῷ</em></span> <span class='ocrx_word' id='word_1_278' title='bbox 1230 2437 1326 2504; x_wconf 86' lang='grc' dir='ltr'><em>τῆς</em></span> <span class='ocrx_word' id='word_1_279' title='bbox 1342 2437 1462 2487; x_wconf 93' lang='lat' dir='ltr'><em>HA</em></span> <span class='ocrx_word' id='word_1_280' title='bbox 1486 2429 1624 2502; x_wconf 83' lang='grc' dir='ltr'><em>πρὸς</em></span> <span class='ocrx_word' id='word_1_281' title='bbox 1640 2437 1757 2487; x_wconf 89' lang='lat' dir='ltr'><em>AX</em></span> <span class='ocrx_word' id='word_1_282' title='bbox 1773 2430 1947 2506; x_wconf 78' lang='grc' dir='ltr'><em>λόγῳ·</em></span> <span class='ocrx_word' id='word_1_283' title='bbox 1972 2426 1975 2432; x_wconf 70' lang='grc'><strong>’</strong></span> 
     </span>
     <span class='ocr_line' id='line_1_33' title="bbox 255 2521 1954 2594; baseline -0.003 -15"><span class='ocrx_word' id='word_1_284' title='bbox 255 2524 455 2594; x_wconf 80' lang='grc' dir='ltr'><em>ἑκάστη</em></span> <span class='ocrx_word' id='word_1_285' title='bbox 483 2525 589 2594; x_wconf 81' lang='grc' dir='ltr'><em>γὰρ</em></span> <span class='ocrx_word' id='word_1_286' title='bbox 606 2532 719 2580; x_wconf 80' lang='grc' dir='ltr'><em>τῶν</em></span> <span class='ocrx_word' id='word_1_287' title='bbox 736 2529 872 2593; x_wconf 89' lang='grc' dir='ltr'><em>ΕΚ,</em></span> <span class='ocrx_word' id='word_1_288' title='bbox 892 2528 1026 2593; x_wconf 91' lang='grc' dir='ltr'><em>ΚΖ,</em></span> <span class='ocrx_word' id='word_1_289' title='bbox 1047 2521 1365 2594; x_wconf 77' lang='grc' dir='ltr'><em>ΖΕὲκάστῃ</em></span> <span class='ocrx_word' id='word_1_290' title='bbox 1383 2524 1496 2577; x_wconf 81' lang='grc' dir='ltr'><em>τῶν</em></span> <span class='ocrx_word' id='word_1_291' title='bbox 1514 2524 1810 2591; x_wconf 88' lang='grc' dir='ltr'><em>ΧΛ,ΛΗ,</em></span> <span class='ocrx_word' id='word_1_292' title='bbox 1835 2525 1981 2575; x_wconf 88' lang='lat' dir='ltr'><em>HX</em></span> 
     </span>
     <span class='ocr_line' id='line_1_34' title="bbox 253 2605 1984 2685; baseline -0.004 -17"><span class='ocrx_word' id='word_1_293' title='bbox 253 2611 608 2685; x_wconf 83' lang='grc' dir='ltr'><em>παράλληλός</em></span> <span class='ocrx_word' id='word_1_294' title='bbox 664 2615 792 2669; x_wconf 82' lang='grc' dir='ltr'><em>ἐστι.</em></span> <span class='ocrx_word' id='word_1_295' title='bbox 876 2610 1070 2678; x_wconf 80' lang='grc' dir='ltr'><em>λοιπὸς</em></span> <span class='ocrx_word' id='word_1_296' title='bbox 1117 2609 1223 2682; x_wconf 74' lang='grc' dir='ltr'><em>ἄρα</em></span> <span class='ocrx_word' id='word_1_297' title='bbox 1272 2608 1300 2666; x_wconf 84' lang='grc' dir='ltr'>ὁ</span> <span class='ocrx_word' id='word_1_298' title='bbox 1349 2613 1444 2682; x_wconf 80' lang='grc' dir='ltr'><em>τῆς</em></span> <span class='ocrx_word' id='word_1_299' title='bbox 1491 2615 1606 2664; x_wconf 91' lang='grc' dir='ltr'><em>ΧΚ</em></span> <span class='ocrx_word' id='word_1_300' title='bbox 1650 2605 1788 2681; x_wconf 89' lang='grc' dir='ltr'><em>πρὸς</em></span> <span class='ocrx_word' id='word_1_301' title='bbox 1833 2613 1951 2663; x_wconf 91' lang='grc' dir='ltr'><em>ΚΕ</em></span> <span class='ocrx_word' id='word_1_302' title='bbox 1977 2622 1984 2675; x_wconf 74' lang='lat' dir='ltr'><em>T¹</em></span> 
     </span>
    </p>
   </div>
   <div class='ocr_carea' id='block_1_8' title="bbox 1963 1702 2028 3146">
    <p class='ocr_par' dir='ltr' id='par_1_8' title="bbox 1963 1702 2028 3146">
     <span class='ocr_line' id='line_1_35' title="bbox 2004 1702 2028 1937; baseline 0 -169"><span class='ocrx_word' id='word_1_303' title='bbox 2004 1702 2028 1937; x_wconf 95' lang='lat' dir='ltr'><em>   </em></span> 
     </span>
     <span class='ocr_line' id='line_1_36' title="bbox 1981 1937 2028 2459; baseline 0 0"><span class='ocrx_word' id='word_1_304' title='bbox 1981 1937 2028 2459; x_wconf 95' lang='lat' dir='ltr'><em>    </em></span> 
     </span>
     <span class='ocr_line' id='line_1_37' title="bbox 1963 2551 2028 3146; baseline 0 -516"><span class='ocrx_word' id='word_1_305' title='bbox 1963 2551 2028 3146; x_wconf 95' lang='lat' dir='ltr'><em>   </em></span> 
     </span>
    </p>
   </div>
   <div class='ocr_carea' id='block_1_9' title="bbox 488 2751 609 2755">
    <p class='ocr_par' dir='ltr' id='par_1_9' title="bbox 488 2751 609 2755">
     <span class='ocr_line' id='line_1_38' title="bbox 488 2751 609 2755; baseline 0 0"><span class='ocrx_word' id='word_1_306' title='bbox 488 2751 609 2755; x_wconf 95' lang='lat' dir='ltr'><em> </em></span> 
     </span>
    </p>
   </div>
   <div class='ocr_carea' id='block_1_10' title="bbox 253 2751 403 2758">
    <p class='ocr_par' dir='ltr' id='par_1_10' title="bbox 253 2751 403 2758">
     <span class='ocr_line' id='line_1_39' title="bbox 253 2751 403 2758; baseline 0 0"><span class='ocrx_word' id='word_1_307' title='bbox 253 2751 403 2758; x_wconf 95' lang='lat' dir='ltr'><em> </em></span> 
     </span>
    </p>
   </div>
   <div class='ocr_carea' id='block_1_11' title="bbox 316 2813 1945 2954">
    <p class='ocr_par' dir='ltr' id='par_1_11' title="bbox 316 2813 1945 2954">
     <span class='ocr_line' id='line_1_40' title="bbox 376 2813 1945 2886; baseline -0.004 -20"><span class='ocrx_word' id='word_1_308' title='bbox 376 2827 415 2866; x_wconf 87' lang='grc'><em>6.</em></span> <span class='ocrx_word' id='word_1_309' title='bbox 450 2818 522 2880; x_wconf 85' lang='grc' dir='ltr'><em>τό]</em></span> <span class='ocrx_word' id='word_1_310' title='bbox 557 2837 609 2879; x_wconf 90' lang='lat' dir='ltr'><em>p,</em></span> <span class='ocrx_word' id='word_1_311' title='bbox 643 2835 731 2866; x_wconf 90' lang='lat' dir='ltr'><em>om.</em></span> <span class='ocrx_word' id='word_1_312' title='bbox 763 2819 820 2875; x_wconf 87' lang='lat' dir='ltr'><em>V,</em></span> <span class='ocrx_word' id='word_1_313' title='bbox 862 2819 967 2864; x_wconf 83' lang='lat' dir='ltr'>add.</span> <span class='ocrx_word' id='word_1_314' title='bbox 1001 2833 1026 2863; x_wconf 81' lang='lat' dir='ltr'>e</span> <span class='ocrx_word' id='word_1_315' title='bbox 1059 2832 1173 2886; x_wconf 47' lang='lat' dir='ltr'><em>egr.</em></span> <span class='ocrx_word' id='word_1_316' title='bbox 1206 2832 1281 2863; x_wconf 83' lang='lat' dir='ltr'><em>vc.</em></span> <span class='ocrx_word' id='word_1_317' title='bbox 1405 2822 1445 2862; x_wconf 85' lang='lat'><em>9.</em></span> <span class='ocrx_word' id='word_1_318' title='bbox 1479 2813 1575 2862; x_wconf 83' lang='grc' dir='ltr'><em>ἐστι</em></span> <span class='ocrx_word' id='word_1_319' title='bbox 1606 2816 1669 2870; x_wconf 80' lang='lat' dir='ltr'><em>V3</em></span> <span class='ocrx_word' id='word_1_320' title='bbox 1715 2828 1829 2861; x_wconf 87' lang='lat' dir='ltr'>corr.</span> <span class='ocrx_word' id='word_1_321' title='bbox 1861 2829 1945 2871; x_wconf 80' lang='lat' dir='ltr'><em>pc.</em></span> 
     </span>
     <span class='ocr_line' id='line_1_41' title="bbox 316 2886 1941 2954; baseline -0.003 -16"><span class='ocrx_word' id='word_1_322' title='bbox 316 2900 384 2939; x_wconf 89' lang='grc'><em>10.</em></span> <span class='ocrx_word' id='word_1_323' title='bbox 419 2895 537 2954; x_wconf 83' lang='grc' dir='ltr'><em>ΕΞ]</em></span> <span class='ocrx_word' id='word_1_324' title='bbox 572 2897 712 2942; x_wconf 78' lang='grc' dir='ltr'><em>ΕΖΞ</em></span> <span class='ocrx_word' id='word_1_325' title='bbox 739 2894 803 2949; x_wconf 75' lang='lat' dir='ltr'><em>V3</em></span> <span class='ocrx_word' id='word_1_326' title='bbox 837 2907 950 2939; x_wconf 86' lang='lat' dir='ltr'>corr.</span> <span class='ocrx_word' id='word_1_327' title='bbox 977 2899 1036 2951; x_wconf 77' lang='lat' dir='ltr'><em>p?</em></span> <span class='ocrx_word' id='word_1_328' title='bbox 1071 2893 1197 2949; x_wconf 75' lang='grc' dir='ltr'>(ζξῬ).</span> <span class='ocrx_word' id='word_1_329' title='bbox 1293 2896 1362 2937; x_wconf 85' lang='lat'><em>15.</em></span> <span class='ocrx_word' id='word_1_330' title='bbox 1396 2886 1447 2949; x_wconf 87' lang='grc' dir='ltr'><em>ἡ]</em></span> <span class='ocrx_word' id='word_1_331' title='bbox 1481 2905 1519 2946; x_wconf 83' lang='lat' dir='ltr'><em>c,</em></span> <span class='ocrx_word' id='word_1_332' title='bbox 1552 2904 1576 2935; x_wconf 86' lang='lat' dir='ltr'>e</span> <span class='ocrx_word' id='word_1_333' title='bbox 1609 2903 1721 2935; x_wconf 83' lang='lat' dir='ltr'><strong>corr.</strong></span> <span class='ocrx_word' id='word_1_334' title='bbox 1748 2904 1807 2933; x_wconf 89' lang='lat' dir='ltr'><em>m.</em></span> <span class='ocrx_word' id='word_1_335' title='bbox 1834 2893 1856 2933; x_wconf 93' lang='lat'><strong>1</strong></span> <span class='ocrx_word' id='word_1_336' title='bbox 1886 2887 1941 2933; x_wconf 91' lang='lat' dir='ltr'><em>V.</em></span> 
     </span>
    </p>
   </div>
  </div>
 </body>
</html>
