1942 3172
85 1082 139 1122 10

86 1530 139 1568 15

79 1975 136 2015 20

81 2421 137 2462 25

180 108 213 162 6
838 112 1117 157 ΚῼΝΙΚῼΝ
1149 108 1215 159 α’.

781 243 962 316 Ὅροι
1002 249 1264 317 πρῶτοι.

285 345 416 404 Ἐὰν
450 348 561 404 ἀπό
602 371 756 415 τινος
795 355 1029 422 σημείου
1069 349 1208 423 πρὸς
1246 351 1455 407 κύκλου
1493 352 1871 425 περιφέρειαν,

179 434 241 504 ὃς
281 436 383 494 οὐκ
423 443 573 494 ἔστιν
615 441 674 495 ἐν
712 448 789 516 τῷ
832 438 981 517 αὐτῷ
1024 442 1261 515 ἐπιπέδῳ
1300 445 1376 516 τῷ
1410 445 1635 516 σημείῳ,
1676 439 1872 498 εὐθεῖα

177 529 559 599 ἐπιζευχθεῖσα
606 527 695 600 ἐφ’
741 530 971 602 ἑκάτερα
1010 533 1430 603 προσεκβληθῇ,
1476 530 1569 586 καὶ
1607 531 1874 601 μένοντος

175 620 276 673 τοῦ
331 625 564 688 σημείου
618 616 651 689 ἡ
712 616 908 674 εὐθεῖα
963 627 1385 692 περιενεχθεῖσα
1438 620 1564 692 περὶ
1617 618 1720 692 τὴν
1768 624 1871 677 τοῦ

173 705 384 762 κύκλου
422 709 784 780 περιφέρειαν
816 712 893 789 είς
931 707 994 764 τὸ
1037 706 1172 765 αὐτὸ
1210 709 1379 765 πάλιν
1419 706 1871 783 ἀποκατασταθῇ,

175 793 316 851 ὅθεν
348 793 550 867 ἤρξατο
586 799 878 869 φέρεσθαι,
910 797 1012 869 τὴν
1038 811 1353 870 γραφεῖσαν
1385 797 1494 855 ὑπὸ
1527 801 1626 869 τῆς
1648 796 1872 866 εὐθείας
1932 821 1942 877 ᾗ

174 885 530 956 ἐπιφάνειαν,
593 884 628 958 ἣ
694 887 975 958 σύγκειται
1041 891 1098 943 ἐκ
1162 887 1266 943 δύο
1331 890 1674 959 ἐπιφανειῶν
1733 886 1871 960 κατὰ

173 973 431 1046 κορυφὴν
473 973 737 1047 ἀλλήλαις
774 978 1071 1047 κειμένων,
1129 969 1208 1032 ὧν
1253 977 1482 1047 ἑκατέρα
1521 981 1600 1044 εἰς
1637 977 1869 1048 ἄπειρον
1939 1039 1942 1042 ⁴

173 1061 394 1129 αὔξεται
439 1067 537 1135 τῆς
584 1065 913 1137 γραφούσης
960 1065 1187 1131 εὐθείας
1235 1070 1313 1131 εἰς
1359 1064 1591 1138 ἄπειρον
1639 1083 1869 1138 προσεκ-

171 1155 543 1225 βαλλομένης,
599 1159 748 1211 καλῶ
797 1155 1044 1226 κωνικὴν
1093 1154 1449 1226 ἐπιφάνειαν,
1504 1158 1763 1229 κορυφὴν
1808 1155 1870 1212 δὲ

171 1240 343 1313 αὐτῆς
380 1242 443 1299 τὸ
485 1243 792 1315 μεμενηκὸς
833 1255 1090 1316 σημεῖον,
1147 1242 1322 1310 ἄξονα
1369 1243 1430 1300 δὲ
1476 1243 1580 1316 τὴν
1627 1242 1721 1299 διὰ
1767 1248 1871 1301 τοῦ
1936 1243 1942 1263 ⁶

171 1337 405 1404 σημείου
436 1333 528 1388 καὶ
561 1337 662 1389 τοῦ
695 1335 929 1404 κέντρου
953 1337 1054 1389 τοῦ
1078 1333 1288 1389 κύκλου
1313 1331 1594 1405 ἀγομένην
1619 1332 1868 1390 εὐθεῖαν.

281 1425 469 1478 κῶνον
502 1422 563 1478 δὲ
587 1422 649 1478 τὸ
683 1423 1081 1495 περιεχόμενον
1114 1427 1296 1495 σχῆμα
1319 1421 1428 1479 ὑπό
1451 1445 1510 1479 τε
1533 1426 1635 1479 τοῦ
1657 1422 1868 1480 κύκλου

170 1511 264 1565 καὶ
315 1515 413 1584 τῆς
458 1511 660 1583 μεταξὺ
708 1522 805 1584 τῆς
851 1535 908 1569 τε
955 1516 1208 1584 κορυφῆς
1253 1514 1346 1568 καὶ
1383 1516 1480 1584 τῆς
1517 1515 1620 1568 τοῦ
1656 1512 1867 1569 κύκλου

1937 1266 1942 1302 ¹]

1932 1306 1942 1395 ἶ·

1932 1553 1942 1610 ξ

167 1606 521 1672 περιφερείας
544 1606 784 1674 κωνικῆς
809 1604 1151 1675 ἐπιφανείας,
1185 1600 1444 1675 κορυφὴν
1470 1601 1533 1658 δὲ
1555 1604 1656 1658 τοῦ
1678 1601 1867 1659 κώνου
1936 1621 1942 1640 <

167 1688 230 1745 τὸ
273 1702 522 1761 σημεῖον,
566 1688 594 1746 ὃ
627 1692 719 1746 καὶ
758 1695 854 1763 τῆς
894 1694 1223 1762 ἐπιφανείας
1262 1691 1376 1747 ἐστὶ
1407 1690 1648 1763 κορυφή,
1689 1690 1865 1758 ἄξονα

169 1777 230 1833 δὲ
268 1779 372 1849 τὴν
413 1779 521 1836 ἀπὸ
562 1784 658 1851 τῆς
696 1784 949 1852 κορυφῆς
996 1782 1079 1836 ε’πὶ
1127 1780 1189 1836 τὸ
1231 1782 1463 1851 κέντρον
1510 1783 1611 1835 τοῦ
1653 1778 1864 1835 κύκλου

168 1865 448 1939 ἀγομένην
489 1866 739 1939 εὐθεῖαν,
778 1869 946 1939 βάσιν
988 1869 1050 1925 δὲ
1088 1868 1189 1924 τὸν
1227 1868 1451 1925 κύκλον.

278 1961 392 2014 τῶν
433 1958 494 2013 δὲ
533 1958 735 2014 κώνων
777 1957 990 2030 ὀρθοὺς
1029 1958 1131 2029 μὲν
1169 1960 1319 2014 καλῶ
1352 1957 1482 2024 τοὺς
1512 1957 1651 2030 πρὸς
1683 1957 1864 2030 ὀρθὰς

169 2050 395 2115 ἔχοντας
435 2058 554 2112 ταῖς
593 2046 790 2117 βάσεσι
828 2045 957 2113 τοὺς
997 2046 1229 2117 ἄξονας,
1277 2045 1591 2119 σκαληνοὺς
1631 2046 1692 2103 δὲ
1730 2045 1863 2113 τοὺς
1938 2070 1942 2090 1

167 2139 240 2206 μὴ
282 2134 419 2206 πρὸς
460 2134 640 2205 ὀρθὰς
680 2140 907 2208 ἔχοντας
939 2148 1058 2201 ταῖς
1097 2136 1294 2206 βάσεσι
1333 2135 1464 2201 τοὺς
1503 2134 1721 2204 ἄξονας.

281 2224 460 2296 πάσης
506 2225 794 2296 καμπύλης
840 2228 1121 2296 γραμμῆς,
1169 2224 1290 2295 ἥτις
1336 2225 1487 2280 ἐστὶν
1527 2226 1588 2280 ἐν
1627 2225 1709 2280 ἑνὶ
1751 2226 1860 2281 ε’πι·
1933 2215 1939 2278 s

167 2316 335 2389 πέδῳ,
377 2313 675 2385 διάμετρον
715 2314 816 2385 μὲν
856 2318 1006 2370 καλῶ
1045 2313 1304 2384 εὐθεῖαν,
1345 2312 1464 2385 ἥτις
1501 2311 1710 2385 ἠγμένη
1750 2311 1858 2369 ἀπὸ
1931 2362 1934 2367 .

168 2406 265 2473 τῆς
319 2402 607 2474 καμπύλης
662 2407 916 2475 γραμμῆς
969 2402 1148 2468 πάσας
1200 2402 1296 2468 τὰς
1350 2400 1625 2474 ἀγομένας
1679 2404 1740 2457 ἐν
1793 2405 1859 2475 τῇ

169 2495 391 2565 γραμμῇ
432 2489 658 2556 εὐθείας
689 2488 884 2565 εὐθείᾳ
914 2492 1026 2547 τινὶ
1059 2491 1445 2563 παραλλήλους
1478 2494 1604 2562 δίχα
1638 2492 1858 2562 διαιρεῖ,

166 2581 423 2653 κορυφὴν
480 2581 542 2636 δὲ
595 2583 691 2652 τῆς
738 2584 991 2652 γραμμῆς
1046 2580 1106 2635 τὸ
1156 2584 1324 2653 πέρας
1377 2583 1473 2650 τῆς
1526 2576 1751 2645 εὐθείας
1794 2578 1856 2635 τὸ

166 2668 305 2740 πρὸς
350 2679 414 2743 τῇ
463 2673 711 2743 γραμμῇ,
766 2671 1109 2740 τεταγμένως
1156 2669 1217 2724 δὲ
1266 2669 1352 2725 ἐπὶ
1399 2669 1501 2739 τὴν
1558 2667 1858 2739 διάμετρον

166 2762 440 2829 κατῆχθαι
481 2758 717 2829 ἑκάστην
756 2762 868 2814 τῶν
907 2757 1293 2829 παραλλήλων.

286 2927 354 2966 29.
388 2922 650 2979 κατῆχθαι]
685 2922 784 2978 syn.
813 2939 863 2965 αι
896 2935 1045 2978 comp.
1073 2920 1128 2976 V,
1163 2935 1255 2977 mg.
1284 2935 1343 2966 m.
1368 2933 1457 2964 rec.
1485 2921 1632 2975 ,,χθαι
1658 2954 1666 2963 .
1689 2954 1700 2970 -.
1718 2954 1727 2963 .
1756 2921 1854 2964 17“.
