1982 3178
169 108 244 160 82
837 107 1117 151 ΚΩΝῙΚΩΝ
1149 102 1216 153 α’.

292 225 550 298 εἰλήφθω
598 226 705 298 γάρ
751 246 804 280 τι
852 237 1084 297 σημεῖον
1132 224 1220 280 ἐπὶ
1266 227 1364 295 τῆς
1409 230 1514 280 ΕΖ
1557 224 1621 280 τὸ
1663 229 1739 294 Ε,
1783 222 1879 279 καὶ

175 314 285 372 ἀπὸ
348 319 452 372 τοῦ
508 322 560 371 Ε
616 316 766 386 παρὰ
822 315 1163 386 τεταγμένως
1219 313 1571 385 κατηγμένην
1622 313 1785 384 ἤχθω
1841 309 1876 384 ἡ

170 411 316 475 ΕΗ,
355 404 447 460 καὶ
485 413 588 460 τοῦ
629 402 737 460 ἀπὸ
772 407 870 475 τῆς
900 410 1020 460 ΗΕ
1048 408 1235 475 μεῖζον
1269 406 1407 458 ἔστω
1438 402 1502 458 τὸ
1534 399 1645 458 ὑπὸ·
1679 405 1878 472 ΛΑΓ,

168 495 262 550 καὶ
310 492 418 549 ἀπὸ
468 497 570 549 τοῦ
617 498 670 549 Γ
709 494 1054 565 τεταγμένως
1100 490 1333 564 ἀνήχθω
1381 488 1416 548 ‘1²7
1456 495 1579 547 ΓΘ·
1654 492 1718 547 τὸ
1767 489 1878 563 ἄρα

111 603 141 644 5
172 581 279 639 ἀπὸ
321 591 420 654 τῆς
452 588 561 638 ΘΓ
595 589 722 638 ἴσον
762 583 879 638 ἐστὶ
917 586 992 658 τῷ
1033 579 1144 638 ὑπὸ
1186 584 1300 636 τῶν
1335 584 1520 636 ΔΑΓ.
1589 584 1776 652 μεῖζον
1815 578 1879 635 δὲ

168 673 232 728 τὸ
280 669 389 728 ὑπο
434 677 615 727 ΛΑΓ
646 675 747 727 τοῦ
786 669 895 727 ἀπὸ
939 677 1073 727 ΕΗ·
1153 675 1342 742 μεῖζον
1381 670 1491 741 ἄρα
1530 669 1623 724 καὶ
1660 669 1723 725 τὸ
1767 667 1874 724 ἀπὸ

170 767 279 817 ΘΓ
303 764 406 817 τοῦ
438 759 548 817 ἀπὸ
583 767 719 816 ΕΗ·
781 766 982 832 μείζων
1014 758 1125 833 ἄρα
1155 759 1249 814 καὶ
1279 757 1314 830 ἡ
1342 763 1452 814 ΘΓ
1474 761 1573 829 τῆς
1595 763 1725 815 ΕΗ.
1785 761 1885 813 καί

170 854 280 906 εἰσι
318 849 687 923 παράλληλοι·
764 847 799 921 ἡ
841 856 945 906 ΕΖ
984 848 1093 922 ἄρα
1134 851 1510 920 ἐκβαλλομένη
1551 847 1736 919 τέμνει
1773 847 1878 919 τὴν

171 945 294 996 ΘΓ·
373 937 511 995 ὥστε
550 939 641 994 καὶ
680 943 747 1013 τῇ
786 942 927 1012 τομῇ
969 949 1340 1010 συμπεσεῖται.

87 1051 139 1091 10
285 1030 636 1100 συμπιπτέτω
677 1029 815 1083 κατὰ
855 1029 917 1083 τὸ
960 1032 1027 1082 Κ.

284 1120 426 1189 λέγω
484 1116 580 1189 δή,
635 1115 721 1173 ὅτι
774 1117 867 1172 καὶ
922 1113 1055 1172 καθ’
1101 1119 1162 1172 ἓν
1209 1117 1386 1188 μόνον
1437 1126 1668 1187 σημεῖον
1714 1115 1776 1170 τὸ
1826 1120 1884 1170 Κ

173 1218 545 1278 συμπεσεῖται.
632 1210 683 1262 εἰ
727 1207 836 1278 γὰρ
886 1205 1158 1276 δυνατόν,
1206 1204 1555 1277 συμπιπτέτω
1605 1195 1698 1260 καὶ
1742 1204 1881 1259 κατὰ

171 1297 235 1352 τὸ
277 1301 343 1352 Λ.
423 1296 539 1352 ἐπεὶ
588 1288 693 1351 οὖν
739 1296 1069 1368 παραβολὴν
1117 1293 1312 1350 εὐθεῖα
1365 1295 1550 1364 τέμνει
1596 1315 1734 1348 κατα
1775 1291 1880 1348 δύο

177 1396 402 1457 σημεῖα,
467 1384 844 1456 ἐκβαλλομένη
911 1395 1269 1456 συμπεσεῖται
1329 1387 1395 1456 τῇ
1456 1383 1731 1457 διαμέτρω
1783 1384 1882 1453 τῆς

86 1495 142 1536 15
174 1477 368 1545 τομῆς·
449 1473 585 1543 ὅπερ
626 1472 861 1530 ἄτοπον·
939 1471 1226 1529 ὑπόκειται
1265 1495 1370 1545 γαρ
1410 1469 1777 1543 παραλληλος.
1846 1466 1880 1542 ἡ

175 1569 280 1619 ΕΖ
311 1562 423 1635 α’ρα
457 1564 834 1635 ἐκβαλλομένη
867 1561 998 1618 καθ’
1029 1564 1092 1617 ἓν
1121 1561 1303 1634 μόνον
1330 1572 1561 1633 σημεῖον
1587 1563 1883 1632 συμπίπτει

173 1656 240 1726 τῇ
281 1655 438 1726 τομῇ.

287 1745 425 1797 ἔστω
478 1740 547 1812 δὴ
600 1739 633 1813 ἡ
674 1740 813 1813 τομὴ
855 1739 1163 1812 ὑπερβολή,
1211 1743 1416 1810 πλαγια
1457 1737 1519 1793 δε
1557 1741 1658 1794 τοῦ
1697 1739 1884 1802 εἴδους
1967 1743 1973 1797 ξ.

175 1828 387 1902 πλευρα
427 1827 461 1900 ἡ
496 1837 632 1900 ΑΒ,
675 1830 848 1902 ὄρθια
889 1829 951 1886 δε
983 1827 1017 1900 ἡ
1051 1836 1194 1900 ΑΛ,
1234 1828 1326 1883 καὶ
1360 1826 1669 1898 ἐπεζεύχθω
1702 1824 1736 1897 ἡ
1771 1831 1882 1880 ΛΒ
1973 1860 1982 1898 4

85 1941 145 1981 20
175 1920 269 1974 καὶ
324 1917 700 1990 ἐκβεβλήσθω.
800 1940 914 1975 των
978 1917 1165 1974 αὐτων

178 2007 248 2080 δὴ
272 2007 842 2063 κατασκευασθέντων
866 2005 1025 2078 ἤχθω
1055 2005 1165 2062 ἀπὸ

175 2100 278 2154 τοῦ
327 2101 381 2152 Γ
425 2099 493 2169 τῇ
548 2103 666 2151 ΛΔ
718 2094 1073 2167 παράλληλος
1131 2093 1164 2165 ἡ

178 2192 313 2242 ΓΜ.
414 2186 531 2242 ἐπεὶ
571 2179 676 2241 οὖν
723 2184 784 2240 τὸ
811 2183 945 2241 ,ὑπὸ
986 2189 1168 2241 ΜΓΑ

179 2273 367 2347 μεῖζόν
407 2276 522 2330 ἐστι
560 2277 661 2329 τοῦ
693 2271 801 2329 ὑπὸ
837 2279 1035 2343 ΔΑΓ,
1074 2277 1174 2327 καί

90 2384 147 2425 25
183 2367 296 2420 ἐστι
327 2366 403 2438 τῷ
445 2362 548 2436 μὲν
582 2361 692 2418 ὑπὸ
725 2367 850 2418 ΜΓ
855 2370 906 2417 Α
947 2369 1072 2417 ἴσον
1104 2361 1166 2417 τὸ

181 2450 288 2508 ἀπὸ
314 2457 435 2523 ΓΘ,
465 2451 526 2507 τὸ
553 2451 615 2507 δὲ
639 2449 747 2507 ὑπὸ
778 2456 956 2507 ΔΑΓ
980 2456 1167 2523 μεῖζον

179 2545 282 2597 τοῦ
329 2539 435 2596 ἀπὸ
485 2546 626 2611 ΗΕ,
682 2545 869 2611 μεῖζον
921 2539 1030 2612 ἄρα
1077 2539 1169 2594 καὶ

180 2631 244 2685 τὸ
287 2626 394 2686 ἀπὸ
432 2635 534 2685 ΓΘ
572 2632 674 2685 τοῦ
715 2626 823 2684 ἀπὸ
864 2634 992 2684 ΕΗ.
1076 2627 1215 2683 ὥστε
1253 2628 1345 2683 καὶ
1386 2625 1418 2698 ἡ
1468 2631 1571 2681 ΓΘ
1623 2627 1724 2696 τῆς
1771 2629 1891 2679 ΕΗ

184 2723 384 2790 μείζων
434 2720 574 2788 ἐστί,
621 2718 715 2773 καὶ
758 2719 825 2772 τὰ
876 2717 1016 2772 αὐτὰ
1058 2729 1176 2782 τοῖς
1213 2715 1489 2788 πρότερον
1530 2711 1884 2785 συμβήσεται.

305 2856 347 2896 4
379 2852 486 2910 τοῦ]
519 2852 746 2896 insertum
777 2866 838 2895 m.
876 2856 897 2894 1
931 2850 985 2895 V.
1112 2855 1181 2897 10.
1215 2850 1284 2908 K]
1321 2852 1364 2893 Γ
1389 2848 1453 2900 V;
1495 2860 1608 2892 corr.
1643 2861 1690 2904 p.
1814 2849 1884 2890 18.

183 2913 268 2955 τοῦ
303 2912 478 2998 εἴδους]
513 2926 631 2968 cvp,
664 2912 724 2955 ob
756 2923 965 2968 pergam.
998 2911 1188 2966 ruptum
1220 2900 1401 2954 incert'a
1431 2907 1481 2951 in
1511 2906 1568 2951 V.
