1982 3178
607 85 962 149 OONJOORUM
991 86 1172 127 LIBER
1201 87 1236 127 Ι.
1691 85 1762 137 29

190 223 257 258 ne
297 205 367 258 sit
404 205 572 275 igilur
611 208 787 257 rectus
829 223 1009 258 conus,
1085 205 1195 257 iam
1236 205 1283 257 si
1320 205 1627 274 {zriangulus
1668 223 1765 274 per

81 314 232 348 axem
292 294 501 362 posiizus
565 293 632 346 ad
687 293 948 346 circulum
1002 295 1112 346 ΒΓ
1157 293 1612 363 perpendicularis
1668 297 1765 362 est,

81 384 265 437 eodem
327 383 486 437 modo
552 381 1070 451 demonstrabimuS‚
1131 382 1293 434 etiam
1358 387 1474 435 AE
1533 382 1599 435 ad
1655 385 1774 435 ZH

10 459 11 463 Ἰ
78 471 572 542 perpendicularem
629 488 757 524 esse.
841 488 909 522 ne
964 471 1034 523 sit
1088 471 1256 541 igitur
1309 472 1616 542 triangulus
1671 490 1765 540 per

81 579 234 614 axem
279 561 488 629 posissus
531 562 703 612 ΑΒΓ
744 559 808 611 ad
858 560 1112 612 circulum
1153 562 1258 612 ΒΓ
1292 560 1764 628 perpendicularis,

82 648 218 718 dico,
272 666 338 701 ne
386 653 503 701 AE
558 648 774 717 quidem
821 647 886 700 ad
933 651 1052 700 ZH
1087 647 1583 716 perpendicularem
1631 666 1764 701 csse.

79 755 206 789 nam
246 737 293 789 si
330 737 445 789 fieri
483 739 679 806 potest,
721 736 807 787 sit.
878 753 1062 788 uerum
1102 736 1266 788 etiam
1308 736 1373 787 ad
1405 739 1513 788 ΒΓ
1544 755 1765 805 perpen-

0 838 2 885 ζ
84 825 335 878 dicularis
367 829 464 878 esis.
519 829 574 877 A
584 829 636 878 E
663 825 830 893 igitur
861 824 927 876 ad
959 827 1242 893 u'nramque
1268 827 1383 893 ΒΓ,
1410 828 1527 877 ΖΗ
1543 844 1766 895 perpen-

0 908 2 922 ²
84 913 333 967 dicularis
381 916 483 982 θεὲ,
537 931 701 982 quare
749 912 912 965 etiam
958 913 1025 965 ad
1071 914 1295 982 planum
1341 932 1437 982 per
1483 917 1606 982 ΒΓ,
1655 917 1773 967 ΖΗ

81 1002 299 1055 ductum
351 1002 809 1071 perpendicularis
866 1001 967 1053 erit
1023 1001 1194 1066 [Eucl.
1240 1001 1341 1070 XI,
1387 1003 1460 1068 4].
1544 1004 1766 1071 planum

82 1094 261 1143 autem
300 1093 568 1144 rectarum
608 1092 724 1158 ΒΓ,
759 1093 870 1142 ΗΖ
910 1092 990 1142 est
1030 1092 1214 1159 ABF3
1256 1109 1417 1160 quare
1451 1095 1567 1143 AE
1603 1092 1765 1144 etiam

82 1179 149 1232 ad
178 1179 511 1250 ssriangulum
542 1182 718 1233 ΑΒΓ
741 1178 1191 1248 perpendicularis
1225 1182 1323 1231 esi„
1387 1180 1567 1249 itaque
1600 1182 1766 1233 etiam

82 1268 260 1321 omnia
320 1269 482 1336 plana
542 1285 635 1336 per
696 1285 814 1319 eam
877 1267 1034 1319 ducta
1095 1267 1160 1318 ad
1214 1267 1547 1337 lariangulum
1602 1271 1776 1322 ΑΒΓ

79 1357 540 1425 perpendicularia
573 1358 700 1409 sunt
734 1354 906 1422 [Eucl.
931 1355 1023 1424 XI,
1051 1356 1160 1423 18].
1214 1374 1399 1408 uerum
1431 1357 1571 1409 inter
1602 1358 1766 1426 plana

54 1462 177 1513 1per
209 1449 324 1497 AE
358 1446 517 1498 ducta
557 1448 640 1497 est
682 1444 908 1497 circulus
942 1447 1067 1512 ΒΓ;
1109 1462 1272 1513 quare
1304 1444 1531 1497 circulus
1564 1448 1673 1499 ΒΓ
1699 1446 1765 1498 ad

40 1550 42 1553 ’
81 1532 416 1603 triangulum
462 1535 635 1586 ΑΒΓ
681 1533 1137 1602 perpendicularis
1190 1537 1285 1584 est.
1369 1533 1552 1602 iraque
1601 1535 1766 1588 eliam

82 1623 384 1692 triangulus
417 1624 589 1673 ΑΒΓ
622 1621 687 1674 ad
731 1621 983 1673 circulum
1017 1623 1126 1672 ΒΓ
1148 1620 1604 1688 perpendicularis
1639 1623 1764 1692 erit3

85 1710 226 1778 quod
259 1713 444 1763 contra
474 1709 831 1778 hypothesim
863 1713 958 1762 est.
1010 1726 1137 1778 ergo
1164 1713 1218 1760 A
1229 1713 1280 1761 E
1309 1709 1375 1762 ad
1402 1713 1522 1762 ZH
1543 1729 1764 1780 perpen-

85 1798 334 1852 dicularis
373 1818 483 1852 non
525 1802 619 1852 est.

702 1959 1144 2014 Corollarium.

193 2065 315 2118 hinc
354 2065 702 2117 manifeslzum
736 2067 832 2134 est,
871 2067 989 2116 ZH
1012 2064 1332 2117 diametrum
1366 2083 1479 2117 esse
1513 2065 1764 2118 sectionis

84 2157 255 2205 AZE
292 2152 418 2219 [def.
448 2154 505 2219 4]
517 2195 531 2222 ‚
571 2153 822 2221 quoniam
862 2155 1036 2205 recbas
1074 2156 1251 2205 recbae
1292 2154 1454 2206 alicui
1494 2157 1609 2206 AE
1643 2172 1766 2222 par-

85 2241 269 2293 allelas
317 2241 502 2293 ductas
542 2241 602 2292 in
641 2241 794 2293 binas
833 2244 1013 2308 partes
1055 2242 1299 2310 aequales
1341 2245 1510 2311 secat,
1556 2244 1609 2294 eh
1648 2243 1765 2294 fieri

86 2347 268 2399 posse,
314 2333 374 2381 ut
418 2329 709 2397 parallelae
756 2347 788 2380 a
834 2329 1094 2382 diametro
1135 2333 1254 2382 ZH
1290 2331 1347 2382 in
1386 2329 1540 2382 binas
1582 2333 1764 2398 partes

85 2418 329 2486 aequales
370 2421 628 2487 secenlzur,
669 2418 831 2470 etiam
873 2418 914 2470 si
948 2419 1014 2470 ad
1047 2419 1275 2488 angulos
1306 2422 1480 2472 recbos
1513 2437 1621 2471 non
1652 2419 1764 2472 fiat.

849 2579 998 2633 VIII.

197 2679 253 2733 Si
300 2699 463 2734 conus
511 2700 606 2750 per
657 2700 811 2734 axem
858 2683 1018 2751 plano
1067 2686 1277 2736 secatur
1316 2687 1368 2735 eb
1408 2683 1511 2735 alio
1554 2701 1764 2752 quoque

85 2768 245 2836 plano
280 2772 503 2836 secatur,
537 2770 677 2838 quod
710 2770 883 2822 basim
915 2771 1035 2823 coni
1067 2771 1353 2824 seeundum
1386 2773 1585 2822 rectam
1618 2774 1765 2823 secat

89 2855 156 2907 ad
200 2855 375 2908 basim
421 2857 684 2927 trianguli
728 2875 824 2926 per
863 2877 1015 2913 axem
1053 2859 1218 2926 posibi
1256 2858 1763 2927 perpendicularem,
