2028 3146
237 71 344 125 170
893 70 1171 115 ΚΩΝΙΚῼΝ
1203 66 1271 115 α’.

235 191 351 248 ἐπεὶ
394 193 599 261 κῶνος,
647 182 715 246 οὗ
761 189 922 261 βάσις
961 187 1063 261 μὲν
1103 186 1133 245 ὁ
1174 194 1289 245 ΗΘ
1326 187 1553 259 κύκλος,
1599 187 1822 261 κορυφὴ
1863 186 1927 244 δὲ

233 280 296 338 τὸ
322 287 386 352 Ζ,
416 274 674 352 τέτμηται
707 280 944 355 ἐπιπέδῳ
978 276 1137 357 ὀρθῷ
1169 277 1310 350 πρὸς
1340 276 1402 333 τὸ
1431 282 1600 333 ΖΗΘ
1629 280 1927 349 τρίγωνον,

235 372 491 443 τέτμηται
539 369 601 426 δὲ
645 370 738 426 καὶ
786 369 951 444 ἑτέρῳ
990 369 1239 443 ,ἐπιπέδῳ
1287 370 1362 441 τῷ
1409 364 1755 442 ὑποκειμένῳ
1801 363 1922 423 κατ’

235 458 468 516 εὐθεῖαν
506 458 610 531 τὴν
643 465 825 515 ΠΛΡ
855 457 995 532 πρὸς
1034 456 1212 529 ὀρθὰς
1250 461 1315 531 τῇ
1347 462 1550 528 ΗΔΘ,
1589 453 1623 528 ἡ
1665 454 1727 512 δὲ
1759 456 1924 527 κοινὴ

175 570 202 609 5
233 550 374 622 τομὴ
429 552 531 606 τοῦ
583 570 642 604 τε
694 546 1065 620 ὑποκειμένου
1119 548 1384 604 ἐπιπέδου
1436 546 1529 602 καὶ
1577 548 1680 602 τοῦ
1727 549 1926 615 ΗΖΘ,

231 639 518 695 τουτέστιν
556 636 590 711 ἡ
625 644 760 709 ΔΒ,
801 637 1175 709 ἐκβαλλομένη
1218 636 1305 693 ἐπὶ
1342 637 1405 692 τὸ
1439 642 1486 691 Β
1527 639 1821 708 συμπίπτει
1859 637 1925 707 τῇ

232 734 346 783 ΗΖ
392 726 529 785 κατὰ
575 729 638 785 τὸ
678 735 750 800 A,
795 728 1079 799 ὑπερβολὴ
1129 725 1239 800 ἄρα
1279 730 1431 782 ἔσται
1469 722 1504 797 ἡ
1544 725 1684 797 τομὴ
1726 723 1819 780 διὰ
1858 722 1926 779 τὰ

231 819 673 890 προδεδειγμένα
725 815 759 890 ἡ
809 823 1002 888 ΠΒΡ,
1059 809 1125 888 ἧς
1177 816 1398 888 κορυφὴ
1455 815 1558 886 μέν
1605 815 1720 870 ἐστι
1765 811 1830 870 τὸ
1878 818 1927 869 Β

234 919 491 980 σημεῖον,
536 910 597 962 αἱ
641 906 703 963 δὲ
747 906 1123 979 καταγόμεναι
1163 905 1251 962 ἐπὶ
1289 906 1393 977 τὴν
1434 911 1549 961 ΒΔ
1585 903 1929 975 τεταγμένως

145 1018 200 1058 10
234 998 294 1053 ἐν
334 995 480 1070 ὀρθῇ
520 1000 699 1071 γωνία
738 996 1209 1069 καταχθήσονται·
1286 993 1630 1067 παράλληλοι
1668 994 1778 1064 γάρ
1818 995 1927 1048 εἰσι

232 1090 298 1160 τῇ
338 1092 522 1142 ΠΛΡ.
585 1086 677 1141 καὶ
718 1086 837 1141 ἐπεί
873 1088 1042 1158 ἐστιν,
1083 1083 1157 1151 ὡς
1195 1083 1229 1157 ἡ
1263 1091 1371 1141 ΑΒ
1410 1082 1550 1156 πρὸς
1579 1087 1708 1155 ΒΓ,
1747 1080 1781 1155 ἡ
1814 1087 1930 1138 ΕΚ

231 1174 373 1248 πρὸς
407 1181 559 1246 ΚΜ,
600 1173 675 1241 ὡς
714 1174 776 1231 δὲ
814 1172 847 1247 ἡ
883 1180 998 1231 ΕΚ
1031 1176 1171 1246 πρὸς
1202 1179 1355 1245 ΚΜ,
1393 1171 1428 1246 ἡ
1462 1178 1578 1229 ΕΝ
1615 1173 1754 1245 πρὸς
1792 1177 1926 1243 ΝΖ,

234 1265 484 1321 τουτέστι
529 1266 592 1321 τὸ
639 1263 747 1321 ὑπὸ
790 1270 962 1320 ΕΝΖ
1009 1265 1149 1338 πρὸς
1187 1263 1249 1320 τὸ
1292 1261 1401 1320 ἀπὸ
1444 1268 1583 1332 ΝΖ,
1632 1258 1706 1327 ὡς
1745 1260 1853 1335 ἄρα
1894 1258 1926 1334 ἡ

234 1360 344 1410 ΑΒ
383 1352 522 1427 πρὸς
558 1359 685 1424 ΒΓ,
723 1355 787 1410 τὸ
828 1352 937 1411 ὑπὸ
971 1359 1142 1409 ΕΝΖ
1181 1351 1320 1426 πρὸς
1357 1350 1420 1408 τὸ
1460 1349 1569 1407 ἀπὸ
1603 1356 1733 1407 ΝΖ.
1797 1357 1924 1406 ἴσον

147 1466 201 1507 15
236 1442 297 1499 δὲ
334 1440 388 1499 τί
435 1441 544 1499 ὑπὸ
578 1449 749 1499 ΕΝΖ
789 1454 863 1519 τῷ
904 1442 1013 1500 ὑπὸ
1050 1448 1245 1499 ANB·
1309 1440 1382 1508 ὡς
1422 1440 1530 1514 ἄρα
1569 1438 1603 1512 ἡ
1638 1446 1748 1496 ΑΒ
1787 1439 1928 1511 πρὸς

246 1538 373 1604 ΓΒ,
423 1531 485 1589 τὸ
540 1530 650 1589 ὑπὸ
697 1540 872 1590 ΛΝΒ
927 1532 1067 1603 πρὸς
1118 1532 1179 1589 τὸ
1237 1531 1343 1588 ἀπὸ
1392 1536 1521 1588 ΝΖ.
1602 1529 1666 1588 τὸ
1714 1529 1777 1586 δὲ
1821 1527 1930 1586 ὑπὸ

233 1628 406 1679 ΛΝΒ
453 1620 592 1695 πρὸς
638 1622 700 1679 τὸ
750 1620 857 1679 ἀπὸ
899 1628 1013 1678 ΝΖ
1065 1620 1164 1678 τὸν
1205 1625 1572 1693 συγκείμενον
1611 1625 1720 1694 ἔχει
1758 1619 1933 1691 λόγον

235 1714 294 1767 ἐκ
347 1721 449 1768 τοῦ
502 1721 596 1783 τῆς
643 1717 770 1766 ΑΝ
814 1709 955 1784 πρὸς
1001 1716 1113 1766 ΝΖ
1171 1710 1263 1766 καὶ
1309 1720 1406 1783 τῆς
1452 1715 1567 1765 ΒΝ
1612 1709 1751 1778 πρὸς
1795 1714 1935 1765 ΝΖ·

236 1798 356 1857 ἀλλ’
411 1799 485 1867 ὡς
522 1800 633 1872 ’μὲν
673 1797 707 1871 ἡ
747 1805 876 1855 ΑΝ
906 1799 1045 1871 πρὸς
1083 1806 1220 1871 ΝΖ,
1269 1798 1305 1871 ᾗ
1344 1806 1461 1855 ΑΛ
1499 1800 1637 1872 πρὸς
1675 1805 1810 1855 ΛΗ
1838 1798 1932 1854 καὶ

147 1913 205 1954 20
238 1889 271 1961 ἡ
306 1895 410 1945 ΖΟ
448 1888 588 1960 πρὸς
621 1894 758 1957 ΟΗ,
800 1887 875 1954 ὡς
914 1888 976 1944 δὲ
1015 1886 1049 1960 ἡ
1084 1894 1204 1945 ΒΝ
1236 1888 1377 1962 πρὸς
1407 1895 1545 1961 ΝΖ,
1585 1912 1620 1960 η
1655 1894 1758 1944 ΖΟ
1792 1887 1933 1961 πρὸς

239 1985 360 2034 ΟΘ·
422 1975 457 2049 ἡ
497 1977 605 2050 ἄρα
638 1983 744 2032 ΑΒ
777 1978 919 2047 πρὸς
950 1982 1061 2032 ΒΓ
1083 1977 1184 2033 τὸν
1218 1984 1583 2049 συγκείμενον
1615 1981 1725 2050 ἔχει
1757 1976 1931 2048 λόγον

235 2070 294 2124 ἐκ
331 2070 432 2124 τοῦ
471 2063 538 2123 ὃν
580 2070 688 2138 ἔχει
727 2064 761 2138 ἡ
803 2072 906 2142 ΖΟ
942 2064 1082 2138 πρὸς
1124 2072 1243 2122 ΟΗ
1280 2068 1371 2123 καὶ
1410 2065 1444 2139 ἡ
1481 2072 1585 2122 ZO
1623 2067 1761 2137 πρὸς
1794 2071 1930 2137 ΟΘ,

232 2157 481 2214 τουτέστι
519 2155 582 2213 τὸ
622 2154 731 2212 ἀπὸ
776 2161 882 2211 ΖΟ
919 2154 1057 2227 πρὸς
1094 2157 1156 2212 τὸ
1197 2154 1306 2212 ὑπὸ
1347 2162 1412 2212 Η
1419 2162 1534 2212 Off.
1615 2160 1763 2213 ἔστιν
1803 2153 1930 2228 ἄρα,

235 2244 311 2312 ὡς
348 2244 382 2318 ἡ
423 2252 529 2302 ΑΒ
570 2244 708 2315 πρὸς
745 2249 874 2316 ΒΓ,
922 2247 985 2301 τὸ
1029 2243 1136 2302 ἀπὸ
1182 2252 1286 2301 ΖΟ
1323 2245 1464 2316 πρὸς
1501 2245 1563 2302 τὸ
1603 2243 1714 2301 ὑπὸ
1746 2249 1932 2300 HG&

150 2357 206 2397 25
238 2340 338 2391 καί
369 2333 486 2391 ἐστι
523 2333 877 2407 παράλληλος
914 2332 948 2406 ἡ
990 2340 1095 2390 ΖΟ
1133 2338 1198 2409 τῇ
1231 2342 1370 2391 ΑΔ·
1440 2338 1645 2406 πλαγία
1684 2333 1787 2406 μὲν
1824 2331 1933 2405 ἄρα

234 2424 445 2496 πλευρά
486 2426 637 2481 ἐστιν
677 2421 711 2495 ἡ
751 2430 884 2494 ΑΒ,
927 2422 1099 2496 ὀρθία
1139 2424 1201 2480 δὲ
1239 2422 1274 2496 ἡ
1314 2429 1439 2480 ΒΓ·
1509 2426 1684 2479 ταῦτα
1721 2423 1829 2494 γὰρ
1871 2423 1932 2477 ἐν

235 2517 310 2585 τῷ
353 2513 431 2581 ιβ’
472 2511 794 2584 θεωοήματι
836 2513 1125 2569 δέδεικται.

355 2631 396 2672 2.
438 2622 647 2680 ἐπιπέδῳ
681 2650 736 2658 -
769 2630 808 2669 3.
849 2622 1091 2682 τέτμηται]
1138 2639 1226 2669 om.
1259 2623 1321 2676 V;
1379 2623 1541 2667 addidi
1587 2620 1921 2691 praeeuntibu3

235 2686 388 2730 Memo
428 2687 476 2729 et
507 2682 694 2729 Halleio
743 2683 842 2740 (qui
873 2686 1116 2741 praeterea.
1149 2683 1330 2728 addunt
1368 2683 1449 2727 καὶ
1487 2686 1619 2726 ποιεῖ
1634 2677 1797 2751 τομὴν
1836 2676 1920 2725 τὸν

240 2746 439 2789 ΗΠΘΡ
465 2741 659 2798 κύκλον,
709 2742 788 2787 cfr.
824 2758 867 2800 p.
905 2748 1009 2796 162,
1045 2749 1177 2799 6sq.,
1220 2745 1266 2787 eb
1305 2742 1384 2786 lin.
1419 2746 1445 2785 3
1486 2741 1593 2798 post
1624 2736 1922 2799 ὑποκειμένῳ

235 2818 380 2863 uerba
410 2816 629 2876 τέμνοντι
659 2815 746 2874 τὴν
780 2814 918 2878 βάσιν
948 2821 1031 2861 τοῦ
1064 2813 1252 2872 κώνου).
1387 2820 1458 2861 27.
1491 2815 1553 2876 τῷ
1588 2812 1738 2874 ιβ’]
1716 2840 1750 2864 ω
1785 2811 1833 2872 β’
1866 2814 1932 2870 V;

243 2898 357 2930 con.
391 2901 435 2942 p.
