1942 3172
157 105 228 158 20
818 106 1095 150 ΚΩΝΙΚΩΝ
1126 121 1158 151 α
1168 103 1194 150 ’.

157 230 323 280 ΕΖΔ
378 232 504 281 ἴσον
551 224 666 281 ἐστὶ
715 227 791 300 τῷ
839 222 946 281 ὑπὸ
997 228 1111 282 τών
1159 231 1348 283 ΚΖΗ.
1430 224 1572 283 ἄλλα
1616 235 1693 306 τῷ
1741 226 1851 286 ὑπὸ

153 317 265 370 τῶν
299 320 469 369 ΕΖΔ
516 322 641 371 ἴσον
683 316 909 386 ἐδείχθη
948 313 1010 372 τὸ
1052 313 1160 371 ἀπὸ
1201 318 1298 387 τῆς
1333 320 1461 371 ΖΘ·
1511 316 1605 373 καὶ
1643 315 1707 374 τὸ
1738 317 1850 374 ὑπὸ

157 405 268 459 τῶν
299 408 427 474 ΚΖ,
462 408 580 459 ΖΗ
612 402 721 476 ἄρα
761 411 888 460 ἴσον
926 404 1041 461 ἐστὶ
1080 407 1154 480 τῷ
1195 403 1303 461 ἀπὸ
1337 408 1435 476 τῆς
1467 411 1583 462 ΖΘ.
1647 403 1853 478 ὁμοίως

159 491 227 563 δὴ
270 492 669 565 δειχθήσονται
698 493 790 548 καὶ
822 496 995 548 πᾶσαι
1027 496 1087 548 αἱ
1116 492 1223 550 ἀπὸ
1257 497 1354 565 τῆς
1385 499 1564 550 ΗΘΚ
1598 498 1853 568 γραμμῆς

99 592 125 632 5
157 581 243 636 ἐπὶ
283 582 385 653 τὴν
419 586 542 637 ΗΚ
578 579 812 654 ἠγμέναι
851 581 1082 638 κάθετοι
1122 590 1248 638 ἴσον
1285 581 1594 655 δυνάμεναι
1631 587 1708 661 τῷ
1741 581 1851 640 ὑπὸ

155 678 268 726 τῶν
307 670 608 742 τμημάτων
646 674 743 742 τῆς
783 677 918 727 ΗΚ.

266 759 470 826 κύκλος
508 759 617 831 ἄρα
657 761 806 816 ἐστὶν
845 758 879 832 ἡ
919 759 1078 832 τομή,
1121 752 1192 817 οὗ
1232 760 1525 835 διάμετρος
1563 759 1598 834 ἡ
1638 766 1770 818 ΗΚ.

973 945 1001 985 ς
1029 969 1041 982 .

261 1025 393 1084 Ἐὰν
432 1031 614 1094 κῶνος
645 1030 883 1104 ἐπιπέδῳ
917 1034 1105 1103 τμηθῇ
1140 1028 1234 1086 διὰ
1265 1032 1367 1086 τοῦ
1401 1028 1616 1101 άξονος,
1655 1035 1851 1139 ληφθῇ

70 1128 123 1168 10
157 1118 223 1173 δέ
264 1140 316 1172 τι
364 1129 597 1229 σημειον
645 1119 732 1173 ἐπὶ
778 1122 875 1190 τῆς
921 1123 1022 1175 τοῦ
1069 1118 1258 1176 κώνου
1300 1122 1648 1191 ἐπιφανείας,
1705 1117 1734 1176 ὃ
1775 1120 1851 1192 μή

157 1207 308 1262 ἐστιν
349 1207 435 1263 ἐπὶ
476 1210 572 1278 τῆς
610 1211 852 1280 πλευρᾶς
898 1211 999 1264 τοῦ
1042 1207 1135 1264 διὰ
1174 1212 1275 1265 τοῦ
1315 1207 1516 1276 ἄξονος
1553 1208 1852 1281 τριγώνου,

154 1295 246 1350 καὶ
287 1293 382 1350 ἀπ’
423 1293 599 1353 αὐτοῦ
639 1295 788 1371 ἀχθῇ
827 1296 1183 1370 παράλληλος
1231 1297 1426 1372 εὐθείᾳ
1471 1302 1607 1369 τινί,
1652 1296 1689 1370 ἥ
1737 1300 1852 1356 ἐστι

154 1384 393 1451 κάθετος
425 1383 533 1441 άπὸ
566 1389 661 1458 τῆς
692 1392 1046 1459 περιφερείας
1067 1390 1169 1443 τοῦ
1193 1387 1404 1443 κύκλου
1429 1387 1516 1443 ἐπὶ
1548 1386 1651 1459 τὴν
1681 1386 1851 1458 βάσιν

154 1477 257 1530 τοῦ
295 1474 600 1547 τριγώνου,
649 1481 924 1547 συμβαλεῖ
965 1479 1040 1552 τῷ
1083 1475 1176 1532 διὰ
1216 1481 1320 1533 τοῦ
1358 1476 1560 1544 ἄξονος
1595 1476 1849 1553 τριγώνῳ

67 1574 122 1615 15
154 1563 246 1618 καὶ
285 1567 810 1636 προσεκβαλλομένη
852 1566 953 1631 ἕως
991 1568 1094 1621 τοῦ
1133 1566 1325 1635 ἑτέρου
1363 1568 1567 1639 μέρους
1603 1569 1701 1638 τῆς
1738 1568 1851 1623 ἐπι-

155 1658 389 1723 φανείας
430 1656 557 1726 δίχα
595 1653 942 1726 τμηθήσεται
981 1652 1090 1710 ὑπὸ
1130 1658 1232 1711 τοῦ
1270 1654 1566 1726 τριγώνου.

267 1746 404 1798 ἔστω
445 1753 643 1814 κῶνος,
685 1745 753 1799 οὐ
791 1743 1013 1815 κορυφὴ
1054 1766 1157 1815 μεν
1196 1743 1258 1800 τὸ
1299 1752 1352 1799 Α
1390 1755 1650 1815 σημειον,
1688 1744 1852 1816 βάσις

156 1829 216 1885 δὲ
258 1828 286 1886 ὁ
319 1837 432 1887 ΒΓ
463 1832 681 1903 κύκλος,
720 1833 813 1888 καὶ
853 1832 1145 1905 τετμήσθω
1188 1831 1216 1888 ὁ
1257 1855 1438 1900 κωνος
1477 1834 1715 1890 ἐπιπέδω
1754 1835 1848 1891 διὰ

153 1922 254 1974 τοῦ
295 1918 521 1991 ἄξονος,
568 1922 660 1977 καὶ
699 1927 922 1978 ποιείτω
969 1921 1168 1993 κοινὴν
1216 1921 1393 1994 τομὴν
1432 1920 1494 1979 τό
1533 1892 1706 1979 ΑΒΓ
1741 1928 1850 1997 τρί-

66 2021 123 2061 20
154 2029 359 2079 γωνον,
402 2010 494 2066 καὶ
534 2007 642 2066 ἀπό
681 2033 835 2076 τινος
874 2015 1110 2082 σημείου
1147 2014 1260 2067 τῶν
1302 2012 1387 2067 ε’πὶ
1426 2014 1524 2083 τῆς
1562 2018 1673 2068 ΒΓ
1703 2032 1851 2084 περι-

153 2103 376 2171 φερείας
430 2101 532 2153 τοῦ
576 2105 650 2154 Μ
686 2098 926 2165 κάθετος
973 2098 1132 2171 ἤχθω
1181 2100 1268 2155 ἐπὶ
1314 2099 1419 2171 τὴν
1464 2105 1577 2155 ΒΓ
1621 2098 1655 2172 ἡ
1703 2107 1848 2157 ΜΝ.

154 2186 407 2259 εἰλήφθω
451 2184 519 2258 δὴ
561 2188 647 2243 ἐπὶ
686 2191 783 2259 τῆς
823 2190 1149 2260 ἐπιφανείας
1180 2192 1281 2245 τοῦ
1312 2188 1500 2245 κώνου
1533 2189 1765 2261 σημεῖόν
1795 2211 1847 2246 τι
1928 2226 1942 2258 3

152 2275 214 2333 τὸ
241 2285 313 2348 Δ,
354 2275 446 2332 καὶ
487 2274 580 2331 διὰ
610 2280 711 2332 τοῦ
739 2284 793 2332 Δ
830 2281 896 2350 τῇ
923 2283 1060 2333 ΜΝ
1085 2278 1437 2349 παράλληλος
1467 2277 1626 2350 ἤχθω
1659 2276 1692 2350 ἡ
1719 2285 1846 2335 ΔΕ.

154 2366 313 2437 λέγω,
356 2364 441 2422 ὅτι
479 2363 513 2436 ἡ
548 2372 662 2421 ΔΕ
700 2368 1079 2437 ἐκβαλλομένη
1113 2378 1467 2438 συμπεσεῖται
1498 2371 1574 2442 τῷ
1608 2368 1845 2442 ἐπιπέδῳ
1933 2375 1942 2407 ¹¹

67 2466 122 2507 25
153 2458 253 2510 τοῦ
278 2459 451 2511 ΑΒΓ
475 2454 755 2527 τριγώνου
785 2454 877 2509 καὶ
903 2457 1424 2527 προσεκβαλλομένη
1457 2456 1544 2511 ε’πὶ
1568 2458 1630 2512 τὸ
1657 2458 1846 2527 ἕτερον

155 2545 320 2614 μέρος
342 2547 444 2600 τοῦ
468 2543 675 2613 κώνου,
700 2541 858 2615 ἄχρις
882 2540 953 2599 ἂν
979 2547 1229 2618 συμπέσῃ
1252 2549 1318 2618 τῇ
1341 2547 1634 2618 ἐπιφανείᾳ
1650 2544 1845 2616 αὐτοῦ,

157 2636 283 2704 δίχα
315 2632 659 2705 τμηθήσεται
681 2630 791 2688 ὑπὸ
817 2636 917 2688 τοῦ
942 2635 1207 2690 ἐπιπέδου
1229 2637 1330 2691 τοῦ
1355 2639 1529 2690 ΑΒΓ
1551 2633 1843 2706 τριγώνου.

245 2801 285 2843 1.
319 2793 422 2840 ἐστί
441 2823 496 2828 -
522 2802 561 2841 2.
590 2795 710 2854 ἴσον]
737 2809 824 2840 om.
853 2795 909 2850 V,
937 2810 1051 2840 corr.
1072 2812 1102 2854 p
1128 2799 1245 2853 (KZ,
1271 2799 1366 2841 ZH
1395 2799 1442 2841 et
1474 2799 1572 2852 EZ,
1599 2797 1717 2854 ZA).
1799 2801 1840 2840 2.

155 2854 260 2926 ΖΘ]
295 2857 393 2900 ΕΘ
427 2855 492 2911 V;
526 2869 640 2900 corr.
666 2871 711 2912 p.
804 2860 844 2900 5.
880 2855 1071 2914 HK]p
1076 2860 1221 2911 ,ΗΓ
1245 2857 1300 2911 V,
1335 2869 1448 2901 corr.
1483 2871 1543 2900 m.
1576 2860 1602 2900 2
1635 2870 1677 2900 v.
1772 2859 1841 2901 12.

155 2909 347 2973 εὐθείᾳ]
381 2928 476 2972 rep.
511 2930 603 2972 mg.
637 2931 696 2959 m.
730 2928 819 2958 rec.
856 2915 909 2960 V.
1034 2920 1101 2960 14.
1135 2918 1370 2976 σαμβαλεῖ
1396 2914 1452 2970 V,
1486 2915 1565 2959 sed
1598 2929 1712 2959 corr.
