1942 3172
88 1022 143 1062 10

85 1468 138 1508 15

82 1916 140 1956 20

83 2405 139 2444 25

176 84 245 137 12
839 87 1117 132 ΚΩΝΙΚΩΝ
1148 84 1213 132 α’.

173 221 362 262 τωσαν
399 205 536 262 κατὰ
568 205 634 261 τὰ
666 213 733 278 Β,
758 211 822 276 Γ,
860 207 952 262 καὶ
986 205 1296 279 ἐπεζεύχθω
1329 203 1363 277 ἡ
1394 210 1526 262 ΒΓ·
1574 211 1727 263 ἔσται
1759 206 1868 279 ἄρα

173 293 207 367 ἡ
248 300 361 351 ΒΓ
399 295 556 361 ἐντὸς
593 298 695 352 τοῦ
733 295 966 351 κύκλου·
1030 294 1169 351 ὥστε
1211 296 1304 351 καὶ
1341 300 1440 368 τῆς
1476 305 1719 367 κωνικῆς
1756 297 1866 353 ἐπι-

174 390 423 456 φανείας.
478 385 734 457 εἰλήφθω
769 382 838 456 δὴ
872 385 959 440 ἐπὶ
987 393 1085 455 τῆς
1109 391 1164 439 A
1174 391 1226 440 E
1253 385 1425 458 τυχὸν
1459 398 1690 459 σημεῖον
1713 386 1775 443 τὸ
1803 384 1866 458 Ζ,
1918 459 1920 462 Ι

172 476 264 530 καὶ
305 476 683 547 ἐπιζευχθεῖσα
722 472 756 545 ἡ
800 483 852 529 A
863 480 907 529 Z
948 473 1322 546 ἐκβεβλήσθω.
1383 487 1628 532 πεσεῖται
1669 476 1739 549 δὴ
1779 478 1867 533 ἐπὶ

172 562 276 636 τὴν
310 570 419 619 ΒΓ
452 563 706 620 εὐθεῖαν·
762 563 823 620 τὸ
857 563 964 636 γὰρ
991 569 1149 620 ΒΓΑ
1188 569 1466 637 τρίγωνον
1498 567 1560 621 ἐν
1591 565 1683 622 ἑνί
1717 568 1868 623 ἐστιν

174 655 427 728 ἐπιπέδῳ.
503 656 740 722 πιπτέτω
779 652 917 710 κατὰ
956 652 1017 710 τὸ
1059 657 1133 709 Η.
1211 655 1328 710 ἐπεὶ
1368 647 1473 710 οὖν
1511 653 1575 711 τὸ
1615 660 1683 710 Η
1711 655 1868 723 ἐντός
1926 715 1928 718 ,

175 744 290 798 ἐστι
336 746 432 814 τῆς
477 746 717 815 κωνικῆς
764 746 1111 815 ἐπιφανειάς,
1166 745 1259 799 καὶ
1297 743 1332 815 ἡ
1374 750 1502 799 ΑΗ
1553 743 1664 818 ἄρα
1711 745 1869 812 ἐντός

174 834 288 888 ἐστι
321 835 418 903 τῆς
447 841 686 904 κωνικῆς
718 835 1063 904 ἐπιφανειάς·
1104 830 1243 888 ὥστε
1273 833 1365 888 καὶ
1396 831 1459 889 τὸ
1486 839 1532 888 Ζ
1565 833 1724 900 ἐντός
1753 836 1868 891 ἐστι
1930 863 1942 902 2

172 924 271 994 τῆς
312 925 551 993 κωνικῆς
593 923 932 992 ἐπιφανείας.
996 919 1201 993 ὁμοίως
1241 920 1309 994 δὴ
1352 922 1732 994 δειχθήσεται,
1780 922 1866 980 ὅτι

175 1012 266 1066 καὶ
306 1010 487 1067 πάντα
527 1010 594 1066 τὰ
635 1011 721 1066 ἐπὶ
761 1015 857 1082 τῆς
890 1016 1002 1066 ΔΕ
1041 1023 1238 1083 σημεῖα
1280 1011 1438 1077 ἐντός
1477 1014 1590 1068 ἐστι
1629 1017 1726 1084 τῆς
1757 1014 1868 1069 ἐπι-

173 1106 429 1172 φανείας·
483 1098 517 1172 ἡ
559 1099 668 1171 ἄρα
707 1106 762 1155 A
773 1107 823 1156 E
859 1099 1017 1166 ἐντός
1057 1103 1170 1157 ἐστι
1209 1104 1306 1172 τῆς
1346 1103 1683 1173 ἐπιφανείας.

286 1189 645 1262 ἐκβεβλήσθω
696 1188 766 1262 δὴ
818 1188 851 1261 ἡ
893 1196 1010 1244 ΛΕ
1061 1191 1147 1246 ἐπὶ
1194 1190 1255 1246 τὸ
1298 1197 1359 1246 Θ.
1436 1192 1577 1262 λέγω
1626 1192 1723 1263 δή,
1778 1191 1866 1248 ὅτι

173 1281 330 1345 ἐκτὸς
352 1291 597 1335 πεσεῖται
621 1282 719 1350 τῆς
741 1282 981 1350 κωνικῆς
1006 1281 1342 1350 ἐπιφανείας.
1397 1284 1448 1336 εἰ
1469 1279 1576 1353 γὰρ
1603 1281 1869 1352 δυνατόν,

173 1373 310 1424 ἔστω
343 1392 396 1424 τι
435 1366 604 1440 αὐτῆς
634 1368 698 1444 τρ
734 1373 782 1423 Θ
822 1367 895 1439 μὴ
938 1366 1091 1434 ἐκτὸς
1129 1371 1226 1439 τῆς
1256 1371 1496 1440 κωνικῆς
1526 1371 1869 1442 ἐπιφανείας,

171 1458 263 1513 καὶ
296 1460 678 1530 ἐπιζευχθεῖσα
709 1455 743 1529 ἡ
771 1464 878 1512 ΑΘ
911 1457 1294 1528 ἐκβεβλήσθω·
1333 1469 1575 1514 πεσεῖται
1609 1457 1679 1530 δὴ
1710 1455 1745 1530 ἢ
1780 1460 1867 1515 ἐπὶ
1940 1515 1942 1520 ,

171 1546 275 1619 τὴν
299 1548 660 1620 περιφέρειαν
682 1555 783 1603 τοῦ
808 1545 1018 1603 κύκλου
1041 1543 1075 1617 ἢ
1102 1546 1279 1611 ἐντός·
1322 1545 1457 1617 ὅπερ
1483 1547 1633 1604 ἐστὶν
1658 1545 1868 1604 ἀδύνα-

171 1654 293 1692 τον·
348 1641 532 1692 πίπτει
579 1635 686 1709 γὰρ
728 1637 816 1692 ἐπὶ
862 1634 966 1707 τὴν
1006 1641 1117 1691 ΒΓ
1157 1637 1570 1708 ἐκβαλλομένην
1618 1633 1692 1703 ὡς
1729 1635 1867 1692 κατὰ

170 1725 234 1781 τὸ
275 1731 342 1781 Κ.
421 1726 455 1797 ἡ
499 1733 605 1782 ΕΘ
644 1725 754 1797 ἄρα
795 1725 949 1790 ἐκτός
990 1727 1104 1781 ἐστι
1143 1729 1238 1796 τῆς
1277 1727 1614 1796 ἐπιφανείας.

285 1812 317 1886 ἡ
352 1814 460 1886 ἄρα
494 1822 549 1870 A
559 1822 611 1870 E
648 1814 805 1880 ἐντός
844 1817 959 1870 ἐστι
997 1816 1094 1885 τῆς
1125 1817 1363 1886 κωνικῆς
1395 1816 1737 1886 ἐπιφανείας,
1777 1815 1869 1872 καὶ

172 1901 206 1975 ἡ
249 1901 331 1959 ἐπ’
370 1901 595 1969 εὐθείας
634 1901 772 1976 αὐτῇ
815 1902 982 1968 ἐκτός.

986 2021 1059 2092 γ’.

278 2125 408 2182 Ἐὰν
456 2130 636 2191 κῶνος
677 2127 915 2201 ἐπιπέδῳ
963 2128 1151 2199 τμηθῇ
1205 2125 1299 2182 διὰ
1354 2129 1452 2198 τῆς
1503 2130 1776 2199 κορυφῆς,
1830 2125 1864 2199 ἡ

170 2215 311 2288 τομὴ
351 2215 631 2286 τρίγωνόν
673 2218 837 2291 ἐστιν.

286 2309 423 2360 ἔστω
462 2308 669 2375 κῶνος,
711 2298 779 2360 οὗ
817 2304 1038 2377 κορυφὴ
1078 2305 1179 2376 μὲν
1218 2304 1280 2361 τὸ
1320 2309 1374 2361 Α
1413 2316 1668 2376 σημεῖον,
1706 2305 1868 2377 βάσις

173 2393 235 2449 δὲ
269 2391 298 2449 ὁ
325 2398 437 2448 ΒΓ
459 2392 678 2463 κύκλος,
709 2394 802 2448 καὶ
826 2393 1119 2465 τετμήσθω
1148 2395 1388 2469 ἐπιπέδῳ
1425 2395 1536 2450 τινὶ
1568 2393 1664 2450 διὰ
1687 2398 1789 2451 τοῦ
1812 2398 1867 2451 Α.

173 2486 432 2553 σημείου,
487 2482 580 2538 καὶ
626 2487 850 2538 ποιείτω
898 2482 1068 2554 τομὰς
1116 2483 1204 2539 ἐπὶ
1250 2483 1352 2555 μὲν
1397 2486 1495 2554 τῆς
1541 2485 1866 2555 ἐπιφανείας

171 2571 267 2635 τὰς
292 2579 344 2626 A
354 2577 419 2641 Β,
447 2579 496 2626 Α
507 2576 560 2626 Γ
582 2571 855 2644 γραμμάς,
897 2574 958 2627 ἐν
990 2571 1051 2627 δὲ
1083 2576 1148 2645 τῇ
1175 2571 1334 2642 βάσει
1357 2570 1460 2643 τὴν
1484 2577 1596 2627 ΒΓ
1619 2571 1865 2630 εὐθεῖαν.

171 2661 332 2730 λέγω,
375 2659 458 2715 ὅτι
497 2659 559 2716 τὸ
602 2665 775 2715 ΑΒΓ
806 2661 1087 2733 τρίγωνόν
1127 2663 1292 2717 ἐστιν.

295 2784 332 2822 1.
366 2775 476 2835 ἄρα]
504 2793 587 2833 ov3
622 2793 754 2824 euan.
780 2777 836 2835 V,
868 2793 964 2835 rep.
990 2793 1083 2835 mg.
1109 2795 1169 2824 m.
1195 2792 1285 2825 rec.
1379 2783 1449 2824 16.
1474 2779 1796 2836 περιφέφειαν
1819 2778 1862 2823 V

172 2837 239 2894 (in
271 2838 350 2881 alt.
385 2854 420 2893 φ
451 2838 541 2882 inc.
573 2839 651 2883 fol.
692 2841 781 2894 3¹¹),
831 2852 946 2883 corr.
980 2853 1041 2883 m.
1073 2851 1164 2884 rec.
1316 2834 1575 2897 ἀδύνατον]
1618 2853 1700 2894 cv,
1748 2854 1860 2883 -τον

174 2910 307 2942 euan.
324 2896 379 2940 V.
444 2901 514 2942 20.
536 2894 689 2956 ἐκτός]
710 2894 843 2949 ἐκτός
862 2916 938 2941 :--
958 2896 1014 2941 V.
1086 2902 1155 2943 28.
1174 2899 1320 2956 ΑΒΓ]
1339 2914 1384 2955 p,
1408 2901 1493 2941 ΑΓ
1507 2898 1560 2954 V,
1579 2911 1693 2943 corr.
1709 2901 1805 2942 m.2
1819 2913 1860 2942 v.
