<?xml version="1.0" encoding="UTF-8"?>
<!DOCTYPE html PUBLIC "-//W3C//DTD XHTML 1.0 Transitional//EN"
    "http://www.w3.org/TR/xhtml1/DTD/xhtml1-transitional.dtd">
<html xmlns="http://www.w3.org/1999/xhtml" xml:lang="en" lang="en">
 <head>
  <title>
</title>
<meta http-equiv="Content-Type" content="text/html;charset=utf-8" />
  <meta name='ocr-system' content='tesseract 3.04.00' />
  <meta name='ocr-capabilities' content='ocr_page ocr_carea ocr_par ocr_line ocrx_word'/>
</head>
<body>
  <div class='ocr_page' id='page_1' title='image "apolloniipergaei01apoluoft_0070.png"; bbox 0 0 1982 3178; ppageno 0'>
   <div class='ocr_carea' id='block_1_1' title="bbox 139 738 1959 815">
    <p class='ocr_par' dir='ltr' id='par_1_1' title="bbox 139 738 1959 815">
     <span class='ocr_line' id='line_1_1' title="bbox 139 738 1959 815; baseline -0.016 -1"><span class='ocrx_word' id='word_1_1' title='bbox 139 743 141 746; x_wconf 68' lang='lat'>‘</span> <span class='ocrx_word' id='word_1_2' title='bbox 191 738 225 812; x_wconf 79' lang='grc' dir='ltr'>ἡ</span> <span class='ocrx_word' id='word_1_3' title='bbox 268 746 406 796; x_wconf 85' lang='grc' dir='ltr'><strong><em>ΛΜ</em></strong></span> <span class='ocrx_word' id='word_1_4' title='bbox 442 739 582 812; x_wconf 74' lang='grc' dir='ltr'><strong><em>πρὸς</em></strong></span> <span class='ocrx_word' id='word_1_5' title='bbox 625 739 727 813; x_wconf 82' lang='grc' dir='ltr'><strong><em>τὴν</em></strong></span> <span class='ocrx_word' id='word_1_6' title='bbox 768 743 901 804; x_wconf 72' lang='grc' dir='ltr'><strong><em>ΜΞ.</em></strong></span> <span class='ocrx_word' id='word_1_7' title='bbox 973 739 1046 807; x_wconf 73' lang='grc' dir='ltr'><strong><em>ὡς</em></strong></span> <span class='ocrx_word' id='word_1_8' title='bbox 1086 740 1150 797; x_wconf 62' lang='grc' dir='ltr'><strong><em>δὲ</em></strong></span> <span class='ocrx_word' id='word_1_9' title='bbox 1187 739 1221 813; x_wconf 77' lang='grc' dir='ltr'><em>ἡ</em></span> <span class='ocrx_word' id='word_1_10' title='bbox 1262 747 1402 796; x_wconf 86' lang='lat' dir='ltr'><strong><em>AM</em></strong></span> <span class='ocrx_word' id='word_1_11' title='bbox 1430 740 1569 815; x_wconf 66' lang='grc' dir='ltr'><strong><em>πρὸς</em></strong></span> <span class='ocrx_word' id='word_1_12' title='bbox 1606 743 1752 813; x_wconf 68' lang='grc' dir='ltr'><strong><em>ΜΞ,</em></strong></span> <span class='ocrx_word' id='word_1_13' title='bbox 1797 745 1897 814; x_wconf 61' lang='grc' dir='ltr'><strong><em>τῆς</em></strong></span> <span class='ocrx_word' id='word_1_14' title='bbox 1948 766 1959 779; x_wconf 10' lang='grc' dir='ltr'><strong><em>,κ</em></strong></span> 
     </span>
    </p>
   </div>
   <div class='ocr_carea' id='block_1_2' title="bbox 68 999 157 1062">
    <p class='ocr_par' dir='ltr' id='par_1_2' title="bbox 68 999 157 1062">
     <span class='ocr_line' id='line_1_2' title="bbox 68 999 157 1062; baseline 0.011 -1"><span class='ocrx_word' id='word_1_15' title='bbox 68 999 157 1062; x_wconf 70' lang='grc'><strong><em>’10</em></strong></span> 
     </span>
    </p>
   </div>
   <div class='ocr_carea' id='block_1_3' title="bbox 101 1466 154 1507">
    <p class='ocr_par' dir='ltr' id='par_1_3' title="bbox 101 1466 154 1507">
     <span class='ocr_line' id='line_1_3' title="bbox 101 1466 154 1507; baseline 0 0"><span class='ocrx_word' id='word_1_16' title='bbox 101 1466 154 1507; x_wconf 83' lang='grc'><strong><em>15</em></strong></span> 
     </span>
    </p>
   </div>
   <div class='ocr_carea' id='block_1_4' title="bbox 101 1895 158 1936">
    <p class='ocr_par' dir='ltr' id='par_1_4' title="bbox 101 1895 158 1936">
     <span class='ocr_line' id='line_1_4' title="bbox 101 1895 158 1936; baseline -0.018 0"><span class='ocrx_word' id='word_1_17' title='bbox 101 1895 158 1936; x_wconf 81' lang='lat'><strong><em>20</em></strong></span> 
     </span>
    </p>
   </div>
   <div class='ocr_carea' id='block_1_5' title="bbox 140 2159 1982 2234">
    <p class='ocr_par' dir='ltr' id='par_1_5' title="bbox 140 2159 1982 2234">
     <span class='ocr_line' id='line_1_5' title="bbox 140 2159 1982 2234; baseline 0.001 -17"><span class='ocrx_word' id='word_1_18' title='bbox 140 2172 144 2177; x_wconf 83' lang='lat'>&#39;</span> <span class='ocrx_word' id='word_1_19' title='bbox 187 2163 328 2234; x_wconf 88' lang='grc' dir='ltr'><strong><em>τομὴ</em></strong></span> <span class='ocrx_word' id='word_1_20' title='bbox 377 2160 412 2234; x_wconf 80' lang='grc' dir='ltr'>ἡ</span> <span class='ocrx_word' id='word_1_21' title='bbox 459 2165 776 2234; x_wconf 84' lang='grc' dir='ltr'><strong><em>καλουμένη</em></strong></span> <span class='ocrx_word' id='word_1_22' title='bbox 826 2160 1131 2234; x_wconf 80' lang='grc' dir='ltr'><strong><em>ὑπερβολή,</em></strong></span> <span class='ocrx_word' id='word_1_23' title='bbox 1179 2162 1271 2217; x_wconf 88' lang='grc' dir='ltr'><strong><em>καὶ</em></strong></span> <span class='ocrx_word' id='word_1_24' title='bbox 1317 2171 1432 2218; x_wconf 78' lang='grc' dir='ltr'><strong><em>τῶν</em></strong></span> <span class='ocrx_word' id='word_1_25' title='bbox 1480 2161 1586 2218; x_wconf 83' lang='grc' dir='ltr'><strong><em>δύο</em></strong></span> <span class='ocrx_word' id='word_1_26' title='bbox 1625 2162 1815 2234; x_wconf 60' lang='grc' dir='ltr'><strong><em>ῐομῶν</em></strong></span> <span class='ocrx_word' id='word_1_27' title='bbox 1853 2159 1891 2233; x_wconf 78' lang='grc' dir='ltr'><strong><em>ἥ</em></strong></span> <span class='ocrx_word' id='word_1_28' title='bbox 1967 2182 1982 2227; x_wconf 58' lang='lat'><em>3</em></span> 
     </span>
    </p>
   </div>
   <div class='ocr_carea' id='block_1_6' title="bbox 101 2354 158 2395">
    <p class='ocr_par' dir='ltr' id='par_1_6' title="bbox 101 2354 158 2395">
     <span class='ocr_line' id='line_1_6' title="bbox 101 2354 158 2395; baseline -0.035 0"><span class='ocrx_word' id='word_1_29' title='bbox 101 2354 158 2395; x_wconf 81' lang='lat'><strong><em>25</em></strong></span> 
     </span>
    </p>
   </div>
   <div class='ocr_carea' id='block_1_7' title="bbox 199 85 1242 140">
    <p class='ocr_par' dir='ltr' id='par_1_7' title="bbox 199 85 1242 140">
     <span class='ocr_line' id='line_1_7' title="bbox 199 85 1242 140; baseline -0.004 0"><span class='ocrx_word' id='word_1_30' title='bbox 199 87 271 140; x_wconf 80' lang='lat'><strong><em>52</em></strong></span> <span class='ocrx_word' id='word_1_31' title='bbox 865 89 1145 135; x_wconf 77' lang='grc' dir='ltr'><strong>ΚΩΝΙΚΩΝ</strong></span> <span class='ocrx_word' id='word_1_32' title='bbox 1175 85 1242 136; x_wconf 89' lang='grc' dir='ltr'><strong><em>α’.</em></strong></span> 
     </span>
    </p>
   </div>
   <div class='ocr_carea' id='block_1_8' title="bbox 191 206 1971 724">
    <p class='ocr_par' dir='ltr' id='par_1_8' title="bbox 191 206 1971 724">
     <span class='ocr_line' id='line_1_8' title="bbox 195 206 1904 282; baseline 0.002 -19"><span class='ocrx_word' id='word_1_33' title='bbox 195 207 299 279; x_wconf 88' lang='grc' dir='ltr'><strong><em>τὴν</em></strong></span> <span class='ocrx_word' id='word_1_34' title='bbox 332 214 437 264; x_wconf 81' lang='grc' dir='ltr'><strong><em>ΕΘ</em></strong></span> <span class='ocrx_word' id='word_1_35' title='bbox 474 207 642 280; x_wconf 80' lang='grc' dir='ltr'><strong><em>λόγος</em></strong></span> <span class='ocrx_word' id='word_1_36' title='bbox 681 206 963 278; x_wconf 87' lang='grc' dir='ltr'><strong><em>σύγκειται</em></strong></span> <span class='ocrx_word' id='word_1_37' title='bbox 1003 211 1063 264; x_wconf 83' lang='grc' dir='ltr'><strong><em>ἔκ</em></strong></span> <span class='ocrx_word' id='word_1_38' title='bbox 1092 230 1151 264; x_wconf 89' lang='grc' dir='ltr'><strong><em>τε</em></strong></span> <span class='ocrx_word' id='word_1_39' title='bbox 1179 210 1283 264; x_wconf 85' lang='grc' dir='ltr'><strong><em>τοῦ</em></strong></span> <span class='ocrx_word' id='word_1_40' title='bbox 1312 211 1413 279; x_wconf 81' lang='grc' dir='ltr'><strong><em>τῆς</em></strong></span> <span class='ocrx_word' id='word_1_41' title='bbox 1444 214 1570 264; x_wconf 91' lang='grc' dir='ltr'><strong><em>ΕΜ</em></strong></span> <span class='ocrx_word' id='word_1_42' title='bbox 1596 207 1736 282; x_wconf 78' lang='grc' dir='ltr'><strong><em>πρὸς</em></strong></span> <span class='ocrx_word' id='word_1_43' title='bbox 1767 215 1904 268; x_wconf 95' lang='grc' dir='ltr'><strong><em>ΜΠ</em></strong></span> 
     </span>
     <span class='ocr_line' id='line_1_9' title="bbox 195 295 1965 371; baseline 0.002 -19"><span class='ocrx_word' id='word_1_44' title='bbox 195 297 289 352; x_wconf 87' lang='grc' dir='ltr'><strong><em>καὶ</em></strong></span> <span class='ocrx_word' id='word_1_45' title='bbox 326 299 429 353; x_wconf 84' lang='grc' dir='ltr'><strong><em>τοῦ</em></strong></span> <span class='ocrx_word' id='word_1_46' title='bbox 466 301 565 370; x_wconf 83' lang='grc' dir='ltr'><strong><em>τῆς</em></strong></span> <span class='ocrx_word' id='word_1_47' title='bbox 605 303 743 353; x_wconf 89' lang='grc' dir='ltr'><strong><em>ΛΜ</em></strong></span> <span class='ocrx_word' id='word_1_48' title='bbox 773 295 912 369; x_wconf 79' lang='grc' dir='ltr'><strong><em>πρὸς</em></strong></span> <span class='ocrx_word' id='word_1_49' title='bbox 950 303 1083 353; x_wconf 92' lang='grc' dir='ltr'><strong><em>ΜΡ.</em></strong></span> <span class='ocrx_word' id='word_1_50' title='bbox 1163 295 1193 353; x_wconf 83' lang='grc' dir='ltr'>ὁ</span> <span class='ocrx_word' id='word_1_51' title='bbox 1234 297 1298 354; x_wconf 73' lang='grc' dir='ltr'><strong><em>δὲ</em></strong></span> <span class='ocrx_word' id='word_1_52' title='bbox 1337 301 1697 370; x_wconf 79' lang='grc' dir='ltr'><strong><em>συγκείμενος</em></strong></span> <span class='ocrx_word' id='word_1_53' title='bbox 1733 296 1899 369; x_wconf 80' lang='grc' dir='ltr'><strong><em>λόγος</em></strong></span> <span class='ocrx_word' id='word_1_54' title='bbox 1962 366 1965 371; x_wconf 30' lang='lat'><em>¹</em></span> 
     </span>
     <span class='ocr_line' id='line_1_10' title="bbox 196 383 1965 459; baseline 0.002 -19"><span class='ocrx_word' id='word_1_55' title='bbox 196 389 255 441; x_wconf 82' lang='grc' dir='ltr'><strong><em>ἔκ</em></strong></span> <span class='ocrx_word' id='word_1_56' title='bbox 294 406 352 441; x_wconf 92' lang='grc' dir='ltr'><strong><em>τε</em></strong></span> <span class='ocrx_word' id='word_1_57' title='bbox 390 389 511 457; x_wconf 84' lang='grc' dir='ltr'><strong><em>τοῦ,</em></strong></span> <span class='ocrx_word' id='word_1_58' title='bbox 552 383 620 442; x_wconf 85' lang='grc' dir='ltr'><strong><em>ὃν</em></strong></span> <span class='ocrx_word' id='word_1_59' title='bbox 661 389 770 458; x_wconf 84' lang='grc' dir='ltr'><strong><em>ἔχει</em></strong></span> <span class='ocrx_word' id='word_1_60' title='bbox 810 383 843 457; x_wconf 80' lang='grc' dir='ltr'><em>ἡ</em></span> <span class='ocrx_word' id='word_1_61' title='bbox 879 391 1013 441; x_wconf 92' lang='grc' dir='ltr'><strong><em>ΕΜ</em></strong></span> <span class='ocrx_word' id='word_1_62' title='bbox 1040 384 1180 457; x_wconf 80' lang='grc' dir='ltr'><strong><em>πρὸς</em></strong></span> <span class='ocrx_word' id='word_1_63' title='bbox 1211 390 1367 457; x_wconf 86' lang='grc' dir='ltr'><strong><em>ΜΠ,</em></strong></span> <span class='ocrx_word' id='word_1_64' title='bbox 1407 386 1501 441; x_wconf 84' lang='grc' dir='ltr'><strong><em>καὶ</em></strong></span> <span class='ocrx_word' id='word_1_65' title='bbox 1531 384 1566 458; x_wconf 83' lang='grc' dir='ltr'><em>ἡ</em></span> <span class='ocrx_word' id='word_1_66' title='bbox 1601 391 1739 457; x_wconf 83' lang='grc' dir='ltr'><strong><em>ΔΜ</em></strong></span> <span class='ocrx_word' id='word_1_67' title='bbox 1760 385 1899 459; x_wconf 77' lang='grc' dir='ltr'><strong><em>πρὸς</em></strong></span> <span class='ocrx_word' id='word_1_68' title='bbox 1963 415 1965 417; x_wconf 62' lang='grc'><strong>’</strong></span> 
     </span>
     <span class='ocr_line' id='line_1_11' title="bbox 196 472 1971 546; baseline 0.001 -16"><span class='ocrx_word' id='word_1_69' title='bbox 196 481 339 545; x_wconf 88' lang='grc' dir='ltr'><strong><em>ΜΡ,</em></strong></span> <span class='ocrx_word' id='word_1_70' title='bbox 387 472 416 530; x_wconf 86' lang='grc' dir='ltr'>ὁ</span> <span class='ocrx_word' id='word_1_71' title='bbox 465 478 568 531; x_wconf 88' lang='grc' dir='ltr'><strong><em>τοῦ</em></strong></span> <span class='ocrx_word' id='word_1_72' title='bbox 614 472 724 531; x_wconf 84' lang='grc' dir='ltr'><strong><em>ὑπὸ</em></strong></span> <span class='ocrx_word' id='word_1_73' title='bbox 773 477 888 531; x_wconf 77' lang='grc' dir='ltr'><strong><em>τῶν</em></strong></span> <span class='ocrx_word' id='word_1_74' title='bbox 932 480 1122 531; x_wconf 90' lang='grc' dir='ltr'><strong><em>ΕΜΔ</em></strong></span> <span class='ocrx_word' id='word_1_75' title='bbox 1169 477 1283 531; x_wconf 84' lang='grc' dir='ltr'><strong><em>ἐστι</em></strong></span> <span class='ocrx_word' id='word_1_76' title='bbox 1329 474 1469 546; x_wconf 76' lang='grc' dir='ltr'><strong><em>πρὸς</em></strong></span> <span class='ocrx_word' id='word_1_77' title='bbox 1513 473 1576 532; x_wconf 90' lang='grc' dir='ltr'><strong><em>τὸ</em></strong></span> <span class='ocrx_word' id='word_1_78' title='bbox 1624 472 1735 532; x_wconf 77' lang='grc' dir='ltr'><strong><em>ὑπό</em></strong></span> <span class='ocrx_word' id='word_1_79' title='bbox 1782 478 1897 532; x_wconf 75' lang='grc' dir='ltr'><strong><em>τῶν</em></strong></span> <span class='ocrx_word' id='word_1_80' title='bbox 1961 483 1971 507; x_wconf 58' lang='lat'>³</span> 
     </span>
     <span class='ocr_line' id='line_1_12' title="bbox 195 561 1964 638; baseline 0.002 -20"><span class='ocrx_word' id='word_1_81' title='bbox 195 569 392 619; x_wconf 86' lang='lat' dir='ltr'><strong><em>HMP.</em></strong></span> <span class='ocrx_word' id='word_1_82' title='bbox 478 567 629 619; x_wconf 80' lang='grc' dir='ltr'><strong><em>ἔστιν</em></strong></span> <span class='ocrx_word' id='word_1_83' title='bbox 685 564 794 636; x_wconf 77' lang='grc' dir='ltr'><strong><em>ἄρα</em></strong></span> <span class='ocrx_word' id='word_1_84' title='bbox 848 561 922 629; x_wconf 78' lang='grc' dir='ltr'><strong><em>ὡς</em></strong></span> <span class='ocrx_word' id='word_1_85' title='bbox 975 562 1037 620; x_wconf 89' lang='grc' dir='ltr'><strong><em>τὸ</em></strong></span> <span class='ocrx_word' id='word_1_86' title='bbox 1093 561 1204 619; x_wconf 85' lang='grc' dir='ltr'><strong><em>ὑπὸ</em></strong></span> <span class='ocrx_word' id='word_1_87' title='bbox 1251 566 1365 619; x_wconf 79' lang='grc' dir='ltr'><strong><em>τῶν</em></strong></span> <span class='ocrx_word' id='word_1_88' title='bbox 1412 569 1601 620; x_wconf 91' lang='grc' dir='ltr'><strong><em>ΕΜΔ</em></strong></span> <span class='ocrx_word' id='word_1_89' title='bbox 1644 563 1786 638; x_wconf 81' lang='grc' dir='ltr'><strong><em>πρὸς</em></strong></span> <span class='ocrx_word' id='word_1_90' title='bbox 1829 562 1893 622; x_wconf 88' lang='grc' dir='ltr'><strong><em>τὸ</em></strong></span> <span class='ocrx_word' id='word_1_91' title='bbox 1959 575 1964 581; x_wconf 81' lang='grc'><em>“</em></span> 
     </span>
     <span class='ocr_line' id='line_1_13' title="bbox 191 642 1966 724; baseline 0.001 -17"><span class='ocrx_word' id='word_1_92' title='bbox 191 649 299 707; x_wconf 81' lang='grc' dir='ltr'><strong><em>ὑπὸ</em></strong></span> <span class='ocrx_word' id='word_1_93' title='bbox 333 654 449 708; x_wconf 78' lang='grc' dir='ltr'><strong><em>τῶν</em></strong></span> <span class='ocrx_word' id='word_1_94' title='bbox 482 658 689 722; x_wconf 82' lang='grc' dir='ltr'><em>ΠΜΡ,</em></span> <span class='ocrx_word' id='word_1_95' title='bbox 725 652 903 718; x_wconf 79' lang='grc' dir='ltr'><strong><em>οὕτως</em></strong></span> <span class='ocrx_word' id='word_1_96' title='bbox 934 649 968 723; x_wconf 84' lang='grc' dir='ltr'>ἡ</span> <span class='ocrx_word' id='word_1_97' title='bbox 1004 659 1058 707; x_wconf 88' lang='grc' dir='ltr'><em>Δ</em></span> <span class='ocrx_word' id='word_1_98' title='bbox 1069 659 1121 708; x_wconf 92' lang='grc' dir='ltr'><em>Ε</em></span> <span class='ocrx_word' id='word_1_99' title='bbox 1148 650 1287 722; x_wconf 80' lang='grc' dir='ltr'><strong><em>πρὸς</em></strong></span> <span class='ocrx_word' id='word_1_100' title='bbox 1317 650 1419 724; x_wconf 82' lang='grc' dir='ltr'><strong><em>τὴν</em></strong></span> <span class='ocrx_word' id='word_1_101' title='bbox 1452 658 1580 720; x_wconf 83' lang='grc' dir='ltr'><strong><em>ΕΘ,</em></strong></span> <span class='ocrx_word' id='word_1_102' title='bbox 1609 653 1896 710; x_wconf 82' lang='grc' dir='ltr'><strong><em>τουτέστιν</em></strong></span> <span class='ocrx_word' id='word_1_103' title='bbox 1938 642 1966 665; x_wconf 65' lang='grc'>”</span> 
     </span>
    </p>
   </div>
   <div class='ocr_carea' id='block_1_9' title="bbox 1916 0 1982 767">
    <p class='ocr_par' dir='ltr' id='par_1_9' title="bbox 1916 0 1982 767">
     <span class='ocr_line' id='line_1_14' title="bbox 1916 0 1982 767; baseline 0 2411"><span class='ocrx_word' id='word_1_104' title='bbox 1916 0 1982 767; x_wconf 95' lang='lat' dir='ltr'><strong><em> </em></strong></span> 
     </span>
    </p>
   </div>
   <div class='ocr_carea' id='block_1_10' title="bbox 187 782 1982 2060">
    <p class='ocr_par' dir='ltr' id='par_1_10' title="bbox 187 782 1982 2060">
     <span class='ocr_line' id='line_1_15' title="bbox 191 782 1977 903; baseline 0.001 -18"><span class='ocrx_word' id='word_1_105' title='bbox 191 835 319 884; x_wconf 91' lang='grc' dir='ltr'><strong><em>ΜΕ</em></strong></span> <span class='ocrx_word' id='word_1_106' title='bbox 353 833 552 886; x_wconf 85' lang='grc' dir='ltr'><strong><em>κοινοῦ</em></strong></span> <span class='ocrx_word' id='word_1_107' title='bbox 595 828 776 898; x_wconf 78' lang='grc' dir='ltr'><strong><em>ὕψους</em></strong></span> <span class='ocrx_word' id='word_1_108' title='bbox 806 831 1234 902; x_wconf 81' lang='grc' dir='ltr'><strong><em>λαμβανομένης</em></strong></span> <span class='ocrx_word' id='word_1_109' title='bbox 1266 829 1445 896; x_wconf 81' lang='grc' dir='ltr'><strong><em>οὕτως</em></strong></span> <span class='ocrx_word' id='word_1_110' title='bbox 1473 831 1536 886; x_wconf 90' lang='grc' dir='ltr'><strong><em>τὸ</em></strong></span> <span class='ocrx_word' id='word_1_111' title='bbox 1569 828 1677 887; x_wconf 81' lang='grc' dir='ltr'><strong><em>ὑπὸ</em></strong></span> <span class='ocrx_word' id='word_1_112' title='bbox 1710 837 1899 887; x_wconf 91' lang='grc' dir='ltr'><strong><em>ΔΜΕ</em></strong></span> <span class='ocrx_word' id='word_1_113' title='bbox 1949 782 1977 903; x_wconf 46' lang='grc' dir='ltr'><strong>ξ</strong></span> 
     </span>
     <span class='ocr_line' id='line_1_16' title="bbox 188 917 1982 990; baseline -0.003 -15"><span class='ocrx_word' id='word_1_114' title='bbox 188 917 328 990; x_wconf 77' lang='grc' dir='ltr'><strong><em>πρὸς</em></strong></span> <span class='ocrx_word' id='word_1_115' title='bbox 364 917 428 975; x_wconf 86' lang='grc' dir='ltr'><strong><em>τὸ</em></strong></span> <span class='ocrx_word' id='word_1_116' title='bbox 469 917 579 975; x_wconf 83' lang='grc' dir='ltr'><strong><em>ὑπὸ</em></strong></span> <span class='ocrx_word' id='word_1_117' title='bbox 620 922 813 982; x_wconf 81' lang='grc' dir='ltr'><em>ΞΜΕ.</em></span> <span class='ocrx_word' id='word_1_118' title='bbox 883 920 977 975; x_wconf 87' lang='grc' dir='ltr'><strong><em>καὶ</em></strong></span> <span class='ocrx_word' id='word_1_119' title='bbox 1018 917 1092 985; x_wconf 78' lang='grc' dir='ltr'><strong><em>ὥς</em></strong></span> <span class='ocrx_word' id='word_1_120' title='bbox 1129 920 1240 990; x_wconf 77' lang='grc' dir='ltr'><strong><em>ἄρα</em></strong></span> <span class='ocrx_word' id='word_1_121' title='bbox 1278 918 1341 976; x_wconf 88' lang='grc' dir='ltr'><strong><em>τὸ</em></strong></span> <span class='ocrx_word' id='word_1_122' title='bbox 1381 917 1491 976; x_wconf 84' lang='grc' dir='ltr'><strong><em>ὑπὸ</em></strong></span> <span class='ocrx_word' id='word_1_123' title='bbox 1531 926 1723 975; x_wconf 93' lang='grc' dir='ltr'><strong><em>ΔΜΕ</em></strong></span> <span class='ocrx_word' id='word_1_124' title='bbox 1755 919 1897 990; x_wconf 79' lang='grc' dir='ltr'><strong><em>πρὸς</em></strong></span> <span class='ocrx_word' id='word_1_125' title='bbox 1962 923 1982 970; x_wconf 63' lang='lat'>3</span> 
     </span>
     <span class='ocr_line' id='line_1_17' title="bbox 190 1002 1982 1079; baseline 0.002 -16"><span class='ocrx_word' id='word_1_126' title='bbox 190 1007 252 1064; x_wconf 89' lang='grc' dir='ltr'><strong><em>τὸ</em></strong></span> <span class='ocrx_word' id='word_1_127' title='bbox 286 1005 397 1064; x_wconf 85' lang='grc' dir='ltr'><strong><em>ὑπὸ</em></strong></span> <span class='ocrx_word' id='word_1_128' title='bbox 426 1013 630 1078; x_wconf 84' lang='grc' dir='ltr'><em>ΠΜΡ,</em></span> <span class='ocrx_word' id='word_1_129' title='bbox 664 1006 841 1074; x_wconf 74' lang='grc' dir='ltr'><strong><em>οὕτως</em></strong></span> <span class='ocrx_word' id='word_1_130' title='bbox 870 1007 933 1064; x_wconf 91' lang='grc' dir='ltr'><strong><em>τὸ</em></strong></span> <span class='ocrx_word' id='word_1_131' title='bbox 965 1006 1073 1064; x_wconf 81' lang='grc' dir='ltr'><strong><em>ὑπὸ</em></strong></span> <span class='ocrx_word' id='word_1_132' title='bbox 1100 1014 1291 1064; x_wconf 90' lang='grc' dir='ltr'><strong><em>ΔΜΕ</em></strong></span> <span class='ocrx_word' id='word_1_133' title='bbox 1318 1007 1457 1077; x_wconf 81' lang='grc' dir='ltr'><strong><em>πρὸς</em></strong></span> <span class='ocrx_word' id='word_1_134' title='bbox 1478 1007 1541 1065; x_wconf 90' lang='grc' dir='ltr'><strong><em>τὸ</em></strong></span> <span class='ocrx_word' id='word_1_135' title='bbox 1564 1005 1675 1065; x_wconf 84' lang='grc' dir='ltr'><strong><em>ὑπὸ</em></strong></span> <span class='ocrx_word' id='word_1_136' title='bbox 1702 1011 1894 1073; x_wconf 78' lang='grc' dir='ltr'><em>ΞΜΕ.</em></span> <span class='ocrx_word' id='word_1_137' title='bbox 1964 1002 1982 1079; x_wconf 41' lang='grc' dir='ltr'><strong><em>,ιζ</em></strong></span> 
     </span>
     <span class='ocr_line' id='line_1_18' title="bbox 192 1082 1976 1173; baseline 0.001 -21"><span class='ocrx_word' id='word_1_138' title='bbox 192 1104 320 1153; x_wconf 79' lang='grc' dir='ltr'><strong><em>ἴσον</em></strong></span> <span class='ocrx_word' id='word_1_139' title='bbox 367 1098 475 1169; x_wconf 76' lang='grc' dir='ltr'><strong><em>ἄρα</em></strong></span> <span class='ocrx_word' id='word_1_140' title='bbox 523 1098 638 1153; x_wconf 83' lang='grc' dir='ltr'><strong><em>ἐστὶ</em></strong></span> <span class='ocrx_word' id='word_1_141' title='bbox 686 1096 748 1153; x_wconf 91' lang='grc' dir='ltr'><strong><em>τὸ</em></strong></span> <span class='ocrx_word' id='word_1_142' title='bbox 796 1095 904 1153; x_wconf 85' lang='grc' dir='ltr'><strong><em>ὑπὸ</em></strong></span> <span class='ocrx_word' id='word_1_143' title='bbox 953 1104 1016 1152; x_wconf 95' lang='grc' dir='ltr'><em>Π</em></span> <span class='ocrx_word' id='word_1_144' title='bbox 1024 1103 1144 1153; x_wconf 93' lang='grc' dir='ltr'><strong><em>ΜΡ</em></strong></span> <span class='ocrx_word' id='word_1_145' title='bbox 1181 1101 1257 1173; x_wconf 77' lang='grc' dir='ltr'><strong><em>τῷ</em></strong></span> <span class='ocrx_word' id='word_1_146' title='bbox 1305 1095 1415 1153; x_wconf 85' lang='grc' dir='ltr'><strong><em>ὑπὸ</em></strong></span> <span class='ocrx_word' id='word_1_147' title='bbox 1465 1100 1657 1161; x_wconf 79' lang='grc' dir='ltr'><em>ΞΜΕ.</em></span> <span class='ocrx_word' id='word_1_148' title='bbox 1723 1095 1787 1154; x_wconf 86' lang='grc' dir='ltr'><strong><em>τὸ</em></strong></span> <span class='ocrx_word' id='word_1_149' title='bbox 1833 1097 1896 1154; x_wconf 72' lang='grc' dir='ltr'><strong><em>δὲ</em></strong></span> <span class='ocrx_word' id='word_1_150' title='bbox 1965 1082 1976 1092; x_wconf 66' lang='lat'>,</span> 
     </span>
     <span class='ocr_line' id='line_1_19' title="bbox 189 1183 1895 1262; baseline 0.001 -21"><span class='ocrx_word' id='word_1_151' title='bbox 189 1183 300 1241; x_wconf 80' lang='grc' dir='ltr'><strong><em>ὑπὸ</em></strong></span> <span class='ocrx_word' id='word_1_152' title='bbox 349 1192 540 1242; x_wconf 92' lang='grc' dir='ltr'><strong><em>ΠΜΡ</em></strong></span> <span class='ocrx_word' id='word_1_153' title='bbox 589 1193 716 1242; x_wconf 79' lang='grc' dir='ltr'><strong><em>ἴσον</em></strong></span> <span class='ocrx_word' id='word_1_154' title='bbox 771 1188 999 1257; x_wconf 82' lang='grc' dir='ltr'><em>ἐδείχθη</em></span> <span class='ocrx_word' id='word_1_155' title='bbox 1046 1189 1122 1262; x_wconf 77' lang='grc' dir='ltr'><strong><em>τῷ</em></strong></span> <span class='ocrx_word' id='word_1_156' title='bbox 1171 1184 1281 1242; x_wconf 76' lang='grc' dir='ltr'><strong><em>ἀπὸ</em></strong></span> <span class='ocrx_word' id='word_1_157' title='bbox 1327 1190 1425 1258; x_wconf 84' lang='grc' dir='ltr'><strong><em>τῆς</em></strong></span> <span class='ocrx_word' id='word_1_158' title='bbox 1470 1192 1618 1242; x_wconf 83' lang='grc' dir='ltr'><strong><em>ΛΜ”</em></strong></span> <span class='ocrx_word' id='word_1_159' title='bbox 1693 1187 1787 1242; x_wconf 89' lang='grc' dir='ltr'><strong><em>καὶ</em></strong></span> <span class='ocrx_word' id='word_1_160' title='bbox 1832 1184 1895 1243; x_wconf 89' lang='grc' dir='ltr'><strong><em>τὸ</em></strong></span> 
     </span>
     <span class='ocr_line' id='line_1_20' title="bbox 187 1273 1982 1350; baseline 0.001 -20"><span class='ocrx_word' id='word_1_161' title='bbox 187 1273 299 1330; x_wconf 84' lang='grc' dir='ltr'><strong><em>ὑπὸ</em></strong></span> <span class='ocrx_word' id='word_1_162' title='bbox 338 1277 518 1338; x_wconf 80' lang='grc' dir='ltr'><strong><em>ΞΜΕ</em></strong></span> <span class='ocrx_word' id='word_1_163' title='bbox 563 1273 673 1347; x_wconf 76' lang='grc' dir='ltr'><strong><em>ἄρα</em></strong></span> <span class='ocrx_word' id='word_1_164' title='bbox 720 1275 874 1331; x_wconf 81' lang='grc' dir='ltr'><strong><em>ἐστὶν</em></strong></span> <span class='ocrx_word' id='word_1_165' title='bbox 917 1282 1043 1331; x_wconf 78' lang='grc' dir='ltr'><strong><em>ἴσον</em></strong></span> <span class='ocrx_word' id='word_1_166' title='bbox 1083 1279 1158 1350; x_wconf 79' lang='grc' dir='ltr'><strong><em>τῷ</em></strong></span> <span class='ocrx_word' id='word_1_167' title='bbox 1199 1274 1310 1331; x_wconf 83' lang='grc' dir='ltr'><strong><em>ἀπὸ</em></strong></span> <span class='ocrx_word' id='word_1_168' title='bbox 1349 1277 1447 1347; x_wconf 82' lang='grc' dir='ltr'><strong><em>τῆς</em></strong></span> <span class='ocrx_word' id='word_1_169' title='bbox 1485 1281 1626 1333; x_wconf 86' lang='lat' dir='ltr'><strong><em>AM.</em></strong></span> <span class='ocrx_word' id='word_1_170' title='bbox 1695 1273 1729 1347; x_wconf 80' lang='grc' dir='ltr'><em>ἡ</em></span> <span class='ocrx_word' id='word_1_171' title='bbox 1767 1280 1904 1332; x_wconf 92' lang='grc' dir='ltr'><strong><em>ΛΜ</em></strong></span> <span class='ocrx_word' id='word_1_172' title='bbox 1980 1277 1982 1281; x_wconf 43' lang='lat'><strong><em>⁴</em></strong></span> 
     </span>
     <span class='ocr_line' id='line_1_21' title="bbox 189 1360 1896 1443; baseline 0.001 -25"><span class='ocrx_word' id='word_1_173' title='bbox 189 1363 300 1443; x_wconf 62' lang='grc' dir='ltr'><strong><em>ἄρα</em></strong></span> <span class='ocrx_word' id='word_1_174' title='bbox 326 1363 562 1420; x_wconf 84' lang='grc' dir='ltr'><strong><em>δύναται</em></strong></span> <span class='ocrx_word' id='word_1_175' title='bbox 587 1361 649 1419; x_wconf 90' lang='grc' dir='ltr'><strong><em>τὸ</em></strong></span> <span class='ocrx_word' id='word_1_176' title='bbox 676 1369 744 1418; x_wconf 94' lang='grc' dir='ltr'><em>Μ</em></span> <span class='ocrx_word' id='word_1_177' title='bbox 752 1369 823 1433; x_wconf 78' lang='grc' dir='ltr'><strong><em>Ο,</em></strong></span> <span class='ocrx_word' id='word_1_178' title='bbox 857 1360 887 1419; x_wconf 84' lang='grc' dir='ltr'>ὃ</span> <span class='ocrx_word' id='word_1_179' title='bbox 911 1363 1238 1434; x_wconf 77' lang='grc' dir='ltr'><strong><em>παράκειται</em></strong></span> <span class='ocrx_word' id='word_1_180' title='bbox 1262 1362 1411 1435; x_wconf 78' lang='grc' dir='ltr'><strong><em>παρὰ</em></strong></span> <span class='ocrx_word' id='word_1_181' title='bbox 1434 1363 1538 1435; x_wconf 87' lang='grc' dir='ltr'><strong><em>τὴν</em></strong></span> <span class='ocrx_word' id='word_1_182' title='bbox 1564 1370 1678 1430; x_wconf 79' lang='grc' dir='ltr'><strong><em>ΘΕ</em></strong></span> <span class='ocrx_word' id='word_1_183' title='bbox 1690 1363 1896 1430; x_wconf 82' lang='grc' dir='ltr'><strong><em>πλάτος</em></strong></span> 
     </span>
     <span class='ocr_line' id='line_1_22' title="bbox 188 1450 1894 1530; baseline -0.001 -21"><span class='ocrx_word' id='word_1_184' title='bbox 188 1456 318 1525; x_wconf 81' lang='grc' dir='ltr'><strong><em>ἔχον</em></strong></span> <span class='ocrx_word' id='word_1_185' title='bbox 365 1452 471 1525; x_wconf 87' lang='grc' dir='ltr'><strong><em>τὴν</em></strong></span> <span class='ocrx_word' id='word_1_186' title='bbox 509 1459 641 1510; x_wconf 94' lang='grc' dir='ltr'><strong><em>ΕΜ</em></strong></span> <span class='ocrx_word' id='word_1_187' title='bbox 680 1453 936 1508; x_wconf 80' lang='grc' dir='ltr'><strong><em>ἐλλεῖπον</em></strong></span> <span class='ocrx_word' id='word_1_188' title='bbox 984 1456 1123 1508; x_wconf 77' lang='grc' dir='ltr'><strong><em>εἴδει</em></strong></span> <span class='ocrx_word' id='word_1_189' title='bbox 1173 1455 1248 1528; x_wconf 78' lang='grc' dir='ltr'><strong><em>τῷ</em></strong></span> <span class='ocrx_word' id='word_1_190' title='bbox 1292 1458 1411 1508; x_wconf 90' lang='lat' dir='ltr'><strong><em>ON</em></strong></span> <span class='ocrx_word' id='word_1_191' title='bbox 1443 1450 1618 1528; x_wconf 77' lang='grc' dir='ltr'><strong><em>ὁμοίῳ</em></strong></span> <span class='ocrx_word' id='word_1_192' title='bbox 1658 1451 1779 1511; x_wconf 84' lang='grc' dir='ltr'><strong><em>ὄντι</em></strong></span> <span class='ocrx_word' id='word_1_193' title='bbox 1815 1460 1894 1530; x_wconf 76' lang='grc' dir='ltr'><strong><em>τῷ</em></strong></span> 
     </span>
     <span class='ocr_line' id='line_1_23' title="bbox 189 1539 1969 1614; baseline 0 -17"><span class='ocrx_word' id='word_1_194' title='bbox 189 1539 300 1598; x_wconf 80' lang='grc' dir='ltr'><strong><em>ὑπὸ</em></strong></span> <span class='ocrx_word' id='word_1_195' title='bbox 328 1548 509 1597; x_wconf 82' lang='grc' dir='ltr'><em>ΔΕΘ.</em></span> <span class='ocrx_word' id='word_1_196' title='bbox 571 1545 851 1597; x_wconf 80' lang='grc' dir='ltr'><strong><em>καλείσθω</em></strong></span> <span class='ocrx_word' id='word_1_197' title='bbox 893 1541 955 1597; x_wconf 75' lang='grc' dir='ltr'><strong><em>δὲ</em></strong></span> <span class='ocrx_word' id='word_1_198' title='bbox 993 1539 1026 1613; x_wconf 85' lang='grc' dir='ltr'><em>ἡ</em></span> <span class='ocrx_word' id='word_1_199' title='bbox 1061 1540 1163 1613; x_wconf 75' lang='grc' dir='ltr'><strong><em>μὲν</em></strong></span> <span class='ocrx_word' id='word_1_200' title='bbox 1195 1540 1425 1613; x_wconf 84' lang='grc' dir='ltr'><strong><em>τοιαύτη</em></strong></span> <span class='ocrx_word' id='word_1_201' title='bbox 1458 1539 1599 1614; x_wconf 85' lang='grc' dir='ltr'><strong><em>τομὴ</em></strong></span> <span class='ocrx_word' id='word_1_202' title='bbox 1634 1545 1892 1614; x_wconf 82' lang='grc' dir='ltr'><strong><em>ἔλλειψις,</em></strong></span> <span class='ocrx_word' id='word_1_203' title='bbox 1944 1571 1969 1574; x_wconf 41' lang='lat'><strong><em>·*</em></strong></span> 
     </span>
     <span class='ocr_line' id='line_1_24' title="bbox 189 1627 1893 1703; baseline 0 -17"><span class='ocrx_word' id='word_1_204' title='bbox 189 1630 223 1701; x_wconf 81' lang='grc' dir='ltr'>ἡ</span> <span class='ocrx_word' id='word_1_205' title='bbox 276 1630 339 1686; x_wconf 76' lang='grc' dir='ltr'><strong><em>δὲ</em></strong></span> <span class='ocrx_word' id='word_1_206' title='bbox 378 1636 483 1686; x_wconf 84' lang='grc' dir='ltr'><strong><em>ΕΘ</em></strong></span> <span class='ocrx_word' id='word_1_207' title='bbox 528 1627 659 1703; x_wconf 79' lang='grc' dir='ltr'><strong><em>παρ’</em></strong></span> <span class='ocrx_word' id='word_1_208' title='bbox 702 1627 776 1702; x_wconf 79' lang='grc' dir='ltr'><strong><em>ἣν</em></strong></span> <span class='ocrx_word' id='word_1_209' title='bbox 826 1629 1102 1687; x_wconf 82' lang='grc' dir='ltr'><strong><em>δύνανται</em></strong></span> <span class='ocrx_word' id='word_1_210' title='bbox 1151 1631 1214 1685; x_wconf 78' lang='grc' dir='ltr'><strong><em>αἰ</em></strong></span> <span class='ocrx_word' id='word_1_211' title='bbox 1247 1629 1623 1702; x_wconf 88' lang='grc' dir='ltr'><strong><em>καταγόμεναι</em></strong></span> <span class='ocrx_word' id='word_1_212' title='bbox 1662 1630 1751 1686; x_wconf 80' lang='grc' dir='ltr'><strong><em>ἐπὶ</em></strong></span> <span class='ocrx_word' id='word_1_213' title='bbox 1789 1629 1893 1703; x_wconf 82' lang='grc' dir='ltr'><strong><em>τὴν</em></strong></span> 
     </span>
     <span class='ocr_line' id='line_1_25' title="bbox 187 1715 1893 1791; baseline 0.001 -18"><span class='ocrx_word' id='word_1_214' title='bbox 187 1724 307 1774; x_wconf 92' lang='grc' dir='ltr'><strong><em>ΔΕ</em></strong></span> <span class='ocrx_word' id='word_1_215' title='bbox 354 1721 726 1791; x_wconf 78' lang='grc' dir='ltr'><strong><em>τεταγμένως,</em></strong></span> <span class='ocrx_word' id='word_1_216' title='bbox 780 1717 815 1790; x_wconf 78' lang='grc' dir='ltr'>ἡ</span> <span class='ocrx_word' id='word_1_217' title='bbox 872 1718 934 1775; x_wconf 73' lang='grc' dir='ltr'><strong><em>δὲ</em></strong></span> <span class='ocrx_word' id='word_1_218' title='bbox 988 1717 1119 1775; x_wconf 53' lang='grc' dir='ltr'><strong><em>αὐτό</em></strong></span> <span class='ocrx_word' id='word_1_219' title='bbox 1180 1719 1273 1774; x_wconf 88' lang='grc' dir='ltr'><strong><em>καὶ</em></strong></span> <span class='ocrx_word' id='word_1_220' title='bbox 1321 1715 1520 1790; x_wconf 80' lang='grc' dir='ltr'><strong><em>ὀρθία,</em></strong></span> <span class='ocrx_word' id='word_1_221' title='bbox 1575 1723 1782 1790; x_wconf 87' lang='grc' dir='ltr'><strong><em>πλαγία</em></strong></span> <span class='ocrx_word' id='word_1_222' title='bbox 1829 1717 1893 1775; x_wconf 78' lang='grc' dir='ltr'><strong><em>δὲ</em></strong></span> 
     </span>
     <span class='ocr_line' id='line_1_26' title="bbox 187 1805 391 1879; baseline 0.01 -17"><span class='ocrx_word' id='word_1_223' title='bbox 187 1805 222 1879; x_wconf 81' lang='grc' dir='ltr'>ἡ</span> <span class='ocrx_word' id='word_1_224' title='bbox 264 1813 391 1864; x_wconf 90' lang='grc' dir='ltr'><strong><em>ΕΔ.</em></strong></span> 
     </span>
     <span class='ocr_line' id='line_1_27' title="bbox 996 1881 1982 1976; baseline 0.001 -40"><span class='ocrx_word' id='word_1_225' title='bbox 996 1881 1090 1937; x_wconf 78' lang='grc' dir='ltr'><strong><em>ιδ’.</em></strong></span> <span class='ocrx_word' id='word_1_226' title='bbox 1970 1955 1982 1976; x_wconf 40' lang='grc' dir='ltr'>ἱ</span> 
     </span>
     <span class='ocr_line' id='line_1_28' title="bbox 295 1978 1982 2060; baseline 0 -20"><span class='ocrx_word' id='word_1_227' title='bbox 295 1983 427 2040; x_wconf 80' lang='grc' dir='ltr'><strong><em>Ἐὰν</em></strong></span> <span class='ocrx_word' id='word_1_228' title='bbox 461 1987 522 2040; x_wconf 75' lang='grc' dir='ltr'><strong><em>αἱ</em></strong></span> <span class='ocrx_word' id='word_1_229' title='bbox 549 1983 688 2041; x_wconf 81' lang='grc' dir='ltr'><strong><em>κατὰ</em></strong></span> <span class='ocrx_word' id='word_1_230' title='bbox 720 1983 982 2057; x_wconf 79' lang='grc' dir='ltr'><strong><em>κορυφὴν</em></strong></span> <span class='ocrx_word' id='word_1_231' title='bbox 1017 1985 1336 2057; x_wconf 79' lang='grc' dir='ltr'><strong><em>ἐπιφάνειαι</em></strong></span> <span class='ocrx_word' id='word_1_232' title='bbox 1365 1985 1605 2060; x_wconf 75' lang='grc' dir='ltr'><strong><em>ἐπιπέδῳ</em></strong></span> <span class='ocrx_word' id='word_1_233' title='bbox 1631 1986 1891 2056; x_wconf 78' lang='grc' dir='ltr'><strong><em>τμηθῶσι</em></strong></span> <span class='ocrx_word' id='word_1_234' title='bbox 1969 1978 1982 1999; x_wconf 61' lang='lat'><strong><em>²</em></strong></span> 
     </span>
    </p>
   </div>
   <div class='ocr_carea' id='block_1_11' title="bbox 188 2000 1982 2180">
    <p class='ocr_par' dir='ltr' id='par_1_11' title="bbox 188 2000 1982 2180">
     <span class='ocr_line' id='line_1_29' title="bbox 188 2000 1982 2180; baseline -0.001 -51"><span class='ocrx_word' id='word_1_235' title='bbox 188 2073 262 2145; x_wconf 86' lang='grc' dir='ltr'><strong><em>μὴ</em></strong></span> <span class='ocrx_word' id='word_1_236' title='bbox 302 2072 395 2129; x_wconf 84' lang='grc' dir='ltr'><strong><em>διὰ</em></strong></span> <span class='ocrx_word' id='word_1_237' title='bbox 424 2077 520 2145; x_wconf 83' lang='grc' dir='ltr'><strong><em>τῆς</em></strong></span> <span class='ocrx_word' id='word_1_238' title='bbox 550 2076 821 2145; x_wconf 78' lang='grc' dir='ltr'><strong><em>κορυφῆς,</em></strong></span> <span class='ocrx_word' id='word_1_239' title='bbox 860 2077 1012 2129; x_wconf 79' lang='grc' dir='ltr'><strong><em>ἔσται</em></strong></span> <span class='ocrx_word' id='word_1_240' title='bbox 1045 2075 1106 2129; x_wconf 81' lang='grc' dir='ltr'><strong><em>ἐν</em></strong></span> <span class='ocrx_word' id='word_1_241' title='bbox 1139 2074 1370 2147; x_wconf 78' lang='grc' dir='ltr'><strong><em>ἑκατέρᾳ</em></strong></span> <span class='ocrx_word' id='word_1_242' title='bbox 1400 2077 1515 2129; x_wconf 77' lang='grc' dir='ltr'><strong><em>τῶν</em></strong></span> <span class='ocrx_word' id='word_1_243' title='bbox 1547 2076 1892 2146; x_wconf 78' lang='grc' dir='ltr'><strong><em>ἐπιφανειῶν</em></strong></span> <span class='ocrx_word' id='word_1_244' title='bbox 1960 2000 1982 2180; x_wconf 60' lang='grc' dir='ltr'>ξ</span> 
     </span>
    </p>
   </div>
   <div class='ocr_carea' id='block_1_12' title="bbox 1939 1083 1982 1956">
    <p class='ocr_par' dir='ltr' id='par_1_12' title="bbox 1939 1083 1982 1956">
     <span class='ocr_line' id='line_1_30' title="bbox 1939 1083 1982 1956; baseline 0 0"><span class='ocrx_word' id='word_1_245' title='bbox 1939 1083 1982 1956; x_wconf 95' lang='lat' dir='ltr'><strong><em> </em></strong></span> 
     </span>
    </p>
   </div>
   <div class='ocr_carea' id='block_1_13' title="bbox 188 2244 1982 2677">
    <p class='ocr_par' dir='ltr' id='par_1_13' title="bbox 188 2244 1982 2677">
     <span class='ocr_line' id='line_1_31' title="bbox 188 2244 1982 2324; baseline -0.001 -17"><span class='ocrx_word' id='word_1_246' title='bbox 188 2274 246 2307; x_wconf 87' lang='grc' dir='ltr'><strong><em>τε</em></strong></span> <span class='ocrx_word' id='word_1_247' title='bbox 294 2251 590 2323; x_wconf 78' lang='grc' dir='ltr'><strong><em>διάμετρος</em></strong></span> <span class='ocrx_word' id='word_1_248' title='bbox 637 2249 670 2322; x_wconf 76' lang='grc' dir='ltr'>ἡ</span> <span class='ocrx_word' id='word_1_249' title='bbox 714 2249 853 2323; x_wconf 86' lang='grc' dir='ltr'><strong><em>αὐτὴ</em></strong></span> <span class='ocrx_word' id='word_1_250' title='bbox 897 2255 1071 2324; x_wconf 79' lang='grc' dir='ltr'><strong><em>ἔσται,</em></strong></span> <span class='ocrx_word' id='word_1_251' title='bbox 1117 2251 1209 2306; x_wconf 87' lang='grc' dir='ltr'><strong><em>καὶ</em></strong></span> <span class='ocrx_word' id='word_1_252' title='bbox 1249 2248 1379 2323; x_wconf 82' lang='grc' dir='ltr'><strong><em>παρ’</em></strong></span> <span class='ocrx_word' id='word_1_253' title='bbox 1417 2247 1483 2316; x_wconf 77' lang='grc' dir='ltr'><strong><em>ἃς</em></strong></span> <span class='ocrx_word' id='word_1_254' title='bbox 1523 2249 1795 2307; x_wconf 82' lang='grc' dir='ltr'><strong><em>δύνανται</em></strong></span> <span class='ocrx_word' id='word_1_255' title='bbox 1834 2252 1897 2306; x_wconf 76' lang='grc' dir='ltr'><strong><em>αἱ</em></strong></span> <span class='ocrx_word' id='word_1_256' title='bbox 1967 2244 1982 2270; x_wconf 71' lang='grc'><strong>”</strong></span> 
     </span>
     <span class='ocr_line' id='line_1_32' title="bbox 192 2338 1890 2412; baseline -0.001 -16"><span class='ocrx_word' id='word_1_257' title='bbox 192 2340 279 2397; x_wconf 81' lang='grc' dir='ltr'><strong><em>ἐπὶ</em></strong></span> <span class='ocrx_word' id='word_1_258' title='bbox 325 2341 430 2412; x_wconf 86' lang='grc' dir='ltr'><strong><em>τὴν</em></strong></span> <span class='ocrx_word' id='word_1_259' title='bbox 480 2338 781 2412; x_wconf 78' lang='grc' dir='ltr'><strong><em>διάμετρον</em></strong></span> <span class='ocrx_word' id='word_1_260' title='bbox 819 2341 1193 2412; x_wconf 88' lang='grc' dir='ltr'><strong><em>καταγόμεναι</em></strong></span> <span class='ocrx_word' id='word_1_261' title='bbox 1230 2338 1578 2410; x_wconf 77' lang='grc' dir='ltr'><strong><em>παράλληλοι</em></strong></span> <span class='ocrx_word' id='word_1_262' title='bbox 1615 2348 1681 2412; x_wconf 82' lang='grc' dir='ltr'><strong><em>τῇ</em></strong></span> <span class='ocrx_word' id='word_1_263' title='bbox 1723 2340 1784 2395; x_wconf 87' lang='grc' dir='ltr'><strong><em>έν</em></strong></span> <span class='ocrx_word' id='word_1_264' title='bbox 1822 2346 1890 2412; x_wconf 79' lang='grc' dir='ltr'><strong><em>τῇ</em></strong></span> 
     </span>
     <span class='ocr_line' id='line_1_33' title="bbox 190 2425 1892 2503; baseline -0.001 -19"><span class='ocrx_word' id='word_1_265' title='bbox 190 2429 351 2500; x_wconf 80' lang='grc' dir='ltr'><strong><em>βάσει</em></strong></span> <span class='ocrx_word' id='word_1_266' title='bbox 390 2437 493 2485; x_wconf 84' lang='grc' dir='ltr'><strong><em>τοῦ</em></strong></span> <span class='ocrx_word' id='word_1_267' title='bbox 531 2428 722 2484; x_wconf 76' lang='grc' dir='ltr'><strong><em>κώνου</em></strong></span> <span class='ocrx_word' id='word_1_268' title='bbox 761 2427 959 2503; x_wconf 81' lang='grc' dir='ltr'><strong><em>εὐθείᾳ</em></strong></span> <span class='ocrx_word' id='word_1_269' title='bbox 998 2436 1140 2499; x_wconf 74' lang='grc' dir='ltr'><strong><em>ἴσαι,</em></strong></span> <span class='ocrx_word' id='word_1_270' title='bbox 1189 2429 1280 2483; x_wconf 88' lang='grc' dir='ltr'><strong><em>καὶ</em></strong></span> <span class='ocrx_word' id='word_1_271' title='bbox 1319 2436 1422 2485; x_wconf 86' lang='grc' dir='ltr'><strong><em>τοῦ</em></strong></span> <span class='ocrx_word' id='word_1_272' title='bbox 1461 2431 1648 2493; x_wconf 75' lang='grc' dir='ltr'><strong><em>εἴδους</em></strong></span> <span class='ocrx_word' id='word_1_273' title='bbox 1684 2425 1719 2498; x_wconf 80' lang='grc' dir='ltr'>ἡ</span> <span class='ocrx_word' id='word_1_274' title='bbox 1758 2433 1892 2483; x_wconf 85' lang='grc' dir='ltr'><strong><em>πλα-</em></strong></span> 
     </span>
     <span class='ocr_line' id='line_1_34' title="bbox 191 2514 1891 2591; baseline -0.001 -18"><span class='ocrx_word' id='word_1_275' title='bbox 191 2523 285 2589; x_wconf 88' lang='grc' dir='ltr'><strong><em>γιά</em></strong></span> <span class='ocrx_word' id='word_1_276' title='bbox 324 2518 535 2591; x_wconf 80' lang='grc' dir='ltr'><strong><em>πλευρὰ</em></strong></span> <span class='ocrx_word' id='word_1_277' title='bbox 574 2539 735 2589; x_wconf 90' lang='grc' dir='ltr'><strong><em>κοινη</em></strong></span> <span class='ocrx_word' id='word_1_278' title='bbox 778 2514 811 2588; x_wconf 82' lang='grc' dir='ltr'><em>ἡ</em></span> <span class='ocrx_word' id='word_1_279' title='bbox 853 2518 1054 2589; x_wconf 82' lang='grc' dir='ltr'><strong><em>μεταξὺ</em></strong></span> <span class='ocrx_word' id='word_1_280' title='bbox 1087 2525 1201 2573; x_wconf 80' lang='grc' dir='ltr'><strong><em>τῶν</em></strong></span> <span class='ocrx_word' id='word_1_281' title='bbox 1232 2525 1504 2588; x_wconf 79' lang='grc' dir='ltr'><strong><em>κορυφῶν</em></strong></span> <span class='ocrx_word' id='word_1_282' title='bbox 1534 2524 1648 2572; x_wconf 81' lang='grc' dir='ltr'><strong><em>τῶν</em></strong></span> <span class='ocrx_word' id='word_1_283' title='bbox 1680 2523 1891 2587; x_wconf 80' lang='grc' dir='ltr'><strong><em>τομῶν·</em></strong></span> 
     </span>
     <span class='ocr_line' id='line_1_35' title="bbox 191 2603 1793 2677; baseline -0.001 -15"><span class='ocrx_word' id='word_1_284' title='bbox 191 2611 584 2662; x_wconf 84' lang='grc' dir='ltr'><strong><em>καλείσθωσαν</em></strong></span> <span class='ocrx_word' id='word_1_285' title='bbox 625 2606 687 2662; x_wconf 75' lang='grc' dir='ltr'><strong><em>δὲ</em></strong></span> <span class='ocrx_word' id='word_1_286' title='bbox 727 2609 789 2662; x_wconf 72' lang='grc' dir='ltr'><strong><em>αἱ</em></strong></span> <span class='ocrx_word' id='word_1_287' title='bbox 823 2615 1078 2662; x_wconf 87' lang='grc' dir='ltr'><strong><em>τοιαῦται</em></strong></span> <span class='ocrx_word' id='word_1_288' title='bbox 1117 2605 1281 2677; x_wconf 85' lang='grc' dir='ltr'><strong><em>τομαὶ</em></strong></span> <span class='ocrx_word' id='word_1_289' title='bbox 1321 2603 1793 2675; x_wconf 80' lang='grc' dir='ltr'><strong><em>ἄντικείμεναι.</em></strong></span> 
     </span>
    </p>
   </div>
   <div class='ocr_carea' id='block_1_14' title="bbox 194 2710 547 2720">
    <p class='ocr_par' dir='ltr' id='par_1_14' title="bbox 194 2710 547 2720">
     <span class='ocr_line' id='line_1_36' title="bbox 194 2710 547 2720; baseline 0.003 -2"><span class='ocrx_word' id='word_1_290' title='bbox 194 2715 286 2720; x_wconf 36' lang='grc' dir='ltr'><strong><em>-Ὰμψ</em></strong></span> <span class='ocrx_word' id='word_1_291' title='bbox 305 2716 351 2719; x_wconf 56' lang='grc'><strong><em>.-</em></strong></span> <span class='ocrx_word' id='word_1_292' title='bbox 378 2716 409 2718; x_wconf 26' lang='grc' dir='ltr'><strong><em>-Ῐ</em></strong></span> <span class='ocrx_word' id='word_1_293' title='bbox 428 2710 547 2719; x_wconf 62' lang='grc' dir='ltr'><strong><em>-ι--</em></strong></span> 
     </span>
    </p>
   </div>
   <div class='ocr_carea' id='block_1_15' title="bbox 194 2762 1887 2944">
    <p class='ocr_par' dir='ltr' id='par_1_15' title="bbox 194 2762 1887 2944">
     <span class='ocr_line' id='line_1_37' title="bbox 313 2762 1887 2826; baseline -0.003 -13"><span class='ocrx_word' id='word_1_294' title='bbox 313 2775 353 2814; x_wconf 91' lang='grc'><strong><em>4.</em></strong></span> <span class='ocrx_word' id='word_1_295' title='bbox 382 2765 406 2813; x_wconf 90' lang='grc' dir='ltr'>ὁ</span> <span class='ocrx_word' id='word_1_296' title='bbox 431 2770 515 2814; x_wconf 83' lang='grc' dir='ltr'><strong><em>τοῦ</em></strong></span> <span class='ocrx_word' id='word_1_297' title='bbox 535 2795 588 2801; x_wconf 93' lang='grc'>-</span> <span class='ocrx_word' id='word_1_298' title='bbox 609 2773 650 2814; x_wconf 82' lang='grc'><strong><em>5.</em></strong></span> <span class='ocrx_word' id='word_1_299' title='bbox 676 2768 857 2826; x_wconf 92' lang='grc' dir='ltr'><em>ΠΜΡ]</em></span> <span class='ocrx_word' id='word_1_300' title='bbox 881 2768 954 2812; x_wconf 81' lang='lat' dir='ltr'><strong><em>bis</em></strong></span> <span class='ocrx_word' id='word_1_301' title='bbox 977 2768 1032 2824; x_wconf 88' lang='lat' dir='ltr'><strong><em>V,</em></strong></span> <span class='ocrx_word' id='word_1_302' title='bbox 1059 2782 1173 2813; x_wconf 86' lang='lat' dir='ltr'>corr.</span> <span class='ocrx_word' id='word_1_303' title='bbox 1201 2781 1266 2825; x_wconf 85' lang='lat' dir='ltr'><strong><em>cp</em></strong></span> <span class='ocrx_word' id='word_1_304' title='bbox 1290 2768 1339 2812; x_wconf 73' lang='lat' dir='ltr'><strong><em>et</em></strong></span> <span class='ocrx_word' id='word_1_305' title='bbox 1362 2782 1424 2811; x_wconf 90' lang='lat' dir='ltr'><strong><em>m.</em></strong></span> <span class='ocrx_word' id='word_1_306' title='bbox 1442 2771 1468 2810; x_wconf 84' lang='lat'>2</span> <span class='ocrx_word' id='word_1_307' title='bbox 1494 2781 1536 2811; x_wconf 83' lang='lat' dir='ltr'><strong><em>v.</em></strong></span> <span class='ocrx_word' id='word_1_308' title='bbox 1629 2770 1701 2812; x_wconf 80' lang='lat'><strong><em>20.</em></strong></span> <span class='ocrx_word' id='word_1_309' title='bbox 1728 2762 1816 2823; x_wconf 79' lang='grc' dir='ltr'><strong><em>ιδ’]</em></strong></span> <span class='ocrx_word' id='word_1_310' title='bbox 1841 2780 1887 2823; x_wconf 90' lang='lat' dir='ltr'><strong><em>p,</em></strong></span> 
     </span>
     <span class='ocr_line' id='line_1_38' title="bbox 194 2821 1886 2886; baseline -0.002 -15"><span class='ocrx_word' id='word_1_311' title='bbox 194 2841 283 2872; x_wconf 93' lang='lat' dir='ltr'><strong><em>om.</em></strong></span> <span class='ocrx_word' id='word_1_312' title='bbox 301 2829 356 2883; x_wconf 91' lang='lat' dir='ltr'><strong><em>V,</em></strong></span> <span class='ocrx_word' id='word_1_313' title='bbox 390 2833 556 2873; x_wconf 82' lang='lat' dir='ltr'><strong>m.2v.</strong></span> <span class='ocrx_word' id='word_1_314' title='bbox 649 2833 721 2874; x_wconf 85' lang='lat'><strong><em>25.</em></strong></span> <span class='ocrx_word' id='word_1_315' title='bbox 755 2824 859 2886; x_wconf 79' lang='grc' dir='ltr'><strong><em>ἐπί]</em></strong></span> <span class='ocrx_word' id='word_1_316' title='bbox 885 2823 1015 2885; x_wconf 80' lang='grc' dir='ltr'><strong><em>παρά</em></strong></span> <span class='ocrx_word' id='word_1_317' title='bbox 1038 2827 1143 2885; x_wconf 82' lang='lat' dir='ltr'><strong><em>Vp3</em></strong></span> <span class='ocrx_word' id='word_1_318' title='bbox 1177 2839 1292 2871; x_wconf 85' lang='lat' dir='ltr'><strong>corr.</strong></span> <span class='ocrx_word' id='word_1_319' title='bbox 1311 2825 1496 2882; x_wconf 82' lang='lat' dir='ltr'>Halley.</span> <span class='ocrx_word' id='word_1_320' title='bbox 1587 2830 1659 2870; x_wconf 80' lang='lat'><strong><em>26.</em></strong></span> <span class='ocrx_word' id='word_1_321' title='bbox 1693 2821 1886 2884; x_wconf 76' lang='grc' dir='ltr'><strong><em>εὐθείᾳ]</em></strong></span> 
     </span>
     <span class='ocr_line' id='line_1_39' title="bbox 195 2883 610 2944; baseline 0 -13"><span class='ocrx_word' id='word_1_322' title='bbox 195 2900 296 2944; x_wconf 84' lang='lat' dir='ltr'>ego,</span> <span class='ocrx_word' id='word_1_323' title='bbox 330 2883 523 2932; x_wconf 77' lang='grc' dir='ltr'><strong><em>εὐθεῖαι</em></strong></span> <span class='ocrx_word' id='word_1_324' title='bbox 556 2888 610 2932; x_wconf 93' lang='lat' dir='ltr'><strong><em>V.</em></strong></span> 
     </span>
    </p>
   </div>
  </div>
 </body>
</html>
