1982 3178
218 64 290 117 48
881 65 1160 111 ΚῼΝΙΚῼΝ
1191 63 1257 111 α’.

1019 238 1075 286 ιγ
1101 260 1112 271 .

323 318 454 376 Ἐὰν
493 322 673 385 κῶνος
713 319 950 395 ἐπιπέδῳ
991 323 1176 393 τμηθῇ
1213 318 1306 376 διὰ
1337 323 1438 376 τοῦ
1471 318 1689 391 ἄξονος,
1728 324 1915 394 τμηθῇ
1978 336 1982 373 l

217 409 280 466 δὲ
311 410 403 464 καὶ
436 410 602 485 ἑτέρῳ
637 410 873 485 ἐπιπέδῳ
907 413 1276 480 συμπίπτοντι
1307 409 1410 482 μὲν
1445 410 1676 485 ἑκατέρᾳ
1700 413 1915 484 πλευρᾷ
1980 408 1982 410 ’

220 502 323 555 τοῦ
356 497 448 554 διὰ
478 501 582 554 τοῦ
612 497 813 565 ἄξονος
844 498 1142 570 τριγώνου,
1174 498 1310 571 μήτε
1344 499 1406 555 δὲ
1437 497 1586 572 παρὰ
1617 498 1720 570 τὴν
1747 498 1915 570 βάσιν

163 606 190 646 5
222 591 323 644 τοῦ
361 587 549 643 κώνου
588 586 808 663 ἠγμένῳ
849 587 983 659 μήτε
1020 585 1385 659 ὑπεναντίως,
1424 587 1487 644 τὸ
1530 587 1592 644 δὲ
1631 590 1913 659 ἐπίπεδον,

217 679 281 732 ἐν
311 669 356 752 ᾦ
390 680 542 733 ἐστιν
574 674 608 748 ἡ
641 676 801 748 βάσις
831 681 931 732 τοῦ
962 676 1169 747 κώνου,
1201 677 1294 732 καὶ
1325 676 1387 733 τὸ
1421 678 1627 750 τέμνον
1651 679 1914 734 ἐπίπεδον

219 772 500 840 συμπίπτῃ
555 764 667 821 κατ’
727 763 956 822 εὐθεῖαν
1011 765 1151 838 πρὸς
1206 764 1386 838 ὀρθὰς
1442 760 1620 823 οὖσαν
1674 765 1799 839 ῆτοι
1845 769 1912 841 τῇ
1954 791 1955 794 ’

220 855 381 926 βάσει
419 859 522 911 τοῦ
561 854 654 911 διὰ
694 859 796 911 τοῦ
835 854 1036 923 ἄξονος
1073 855 1354 927 τριγώνου
1392 853 1425 928 ἢ
1465 859 1532 930 τῇ
1571 853 1647 912 ἐπ’
1691 854 1918 922 εὐθείας
1979 874 1982 877 ·

222 943 388 1018 αὐτῇ,
436 943 555 1016 ῆτις
597 942 670 1000 ἄν
709 943 819 1001 άπὸ
857 948 954 1016 τῆς
991 948 1163 1017 τομῆς
1200 948 1301 1001 τοῦ
1338 945 1528 1002 κώνου
1564 945 1917 1017 παράλληλος

134 1053 189 1092 10
222 1031 371 1108 ἀχθῇ
411 1037 477 1108 τῇ
517 1038 680 1107 κοινῇ
719 1038 860 1107 τομῇ
900 1037 1010 1090 τῶν
1051 1035 1325 1091 ἐπιπέδων
1356 1036 1460 1101 ἕως
1489 1038 1587 1107 τῆς
1618 1036 1918 1107 διαμέτρου
1978 1039 1982 1044 “

221 1126 317 1194 τῆς
338 1127 527 1195 τομῆς,
554 1123 857 1194 δυνήσεταί
876 1147 927 1179 τι
951 1129 1159 1195 χωρίον
1182 1129 1592 1197 παρακείμενον
1616 1123 1766 1196 παρά
1789 1147 1916 1180 τινα

223 1211 482 1283 εὐθεῖαν,
528 1211 668 1283 πρὸς
713 1210 784 1284 ἣν
830 1212 1002 1285 λόγον
1044 1218 1152 1285 ἔχει
1190 1212 1224 1284 ἡ
1266 1213 1560 1286 διάμετρος
1597 1217 1692 1286 τῆς
1729 1216 1917 1286 τομῆς,

222 1299 291 1358 ὃν
322 1300 385 1358 τὸ
416 1302 768 1374 τετράγωνον
800 1300 862 1358 τὸ
896 1300 1004 1358 άπὸ
1030 1305 1127 1374 τῆς
1151 1301 1392 1374 ῆγμένης
1416 1301 1525 1359 άπὸ
1548 1307 1647 1374 τῆς
1666 1307 1917 1377 κορυφῆς

220 1395 323 1447 τοῦ
345 1390 534 1448 κώνου
558 1389 706 1463 παρὰ
730 1390 832 1463 τὴν
858 1391 1158 1463 διάμετρον
1178 1395 1275 1463 τῆς
1290 1395 1460 1463 τομῆς
1475 1394 1576 1458 ἕως
1591 1401 1688 1464 τῆς
1703 1391 1916 1464 βάσεως

134 1499 188 1539 15
219 1484 321 1536 τοῦ
358 1481 641 1554 τριγώνου
679 1480 817 1553 πρὸς
855 1480 915 1537 τὸ
957 1481 1353 1553 περιεχόμενον
1385 1479 1494 1538 ὑπὸ
1526 1485 1640 1538 τῶν
1670 1479 1914 1553 ἀπολαμ-

219 1571 548 1642 βανομένων
584 1568 678 1626 ὑπ’
708 1570 877 1642 αὐτῆς
907 1569 1044 1643 πρὸς
1074 1583 1194 1637 ταῖς
1224 1575 1324 1627 τοῦ
1357 1570 1637 1642 τριγώνου
1667 1569 1916 1638 εὐθείαις

219 1660 424 1726 πλάτος
463 1665 589 1732 ἔχον
631 1662 733 1732 τὴν
772 1661 1314 1732 ἄπολαμβανομένην
1354 1657 1440 1716 ὑπ’
1477 1659 1649 1732 αὐτῆς
1678 1659 1786 1717 άπὸ
1818 1663 1916 1732 τῆς

223 1752 523 1821 διαμέτρου
568 1748 709 1820 πρὸς
753 1753 819 1822 τῇ
865 1754 1084 1822 κορυφῇ
1131 1753 1228 1820 τῆς
1277 1753 1447 1821 τομῆς
1485 1752 1737 1805 ἐλλεῖπον
1776 1753 1914 1805 εἴδει
1955 1799 1958 1803 .

221 1836 395 1911 ὁμοίῳ
442 1861 499 1894 τε
545 1839 638 1893 καὶ
679 1836 884 1909 ὁμοίως
913 1839 1146 1914 κειμένῳ
1185 1842 1260 1914 τῷ
1300 1839 1668 1912 περιεχομένῳ
1707 1836 1817 1894 ὑπό
1856 1859 1914 1894 τε
1960 1855 1961 1858 ’

46 1968 49 1970 -
128 1944 185 1985 20
217 1931 314 1999 τῆς
353 1928 652 2000 διαμέτρου
682 1928 774 1982 καὶ
805 1931 902 1998 τῆς
931 1926 1055 1999 παρ’
1093 1925 1165 1998 ἣν
1200 1927 1496 1983 δύνανται·
1535 1931 1816 1983 καλείσθω
1851 1927 1912 1983 δὲ
1962 1973 1967 1990 J

214 2015 247 2087 ἡ
290 2017 519 2087 τοιαύτη
559 2015 699 2088 τομὴ
741 2022 1040 2084 ἔλλειψις.

329 2111 466 2162 ἔστω
506 2109 709 2173 κῶνος,
750 2098 818 2161 οὗ
855 2104 1078 2177 κορυφὴ
1120 2105 1221 2177 μὲν
1262 2104 1324 2161 τὸ
1366 2114 1418 2160 Α
1458 2117 1714 2177 σημεῖον,
1754 2107 1912 2176 βάσις
1954 2159 1955 2162 ,

218 2195 276 2250 δὲ
341 2193 370 2251 ὁ
428 2200 540 2251 ΒΓ
586 2194 810 2265 κύκλος,
870 2196 963 2250 καὶ
1016 2195 1309 2267 τετμήσθω
1367 2196 1605 2271 ἐπιπέδῳ
1663 2192 1756 2250 διὰ
1810 2203 1910 2251 τοῦ
1964 2251 1982 2279 a

219 2284 436 2356 ἄξονος,
460 2285 552 2340 καὶ
575 2276 805 2339 ποιείτω
822 2282 1000 2356 τομὴν
1023 2283 1084 2340 τὸ
1111 2290 1281 2339 ΑΒΓ
1297 2290 1593 2355 τρίγωνον,
1617 2287 1909 2356 τετμήσθω

127 2390 184 2430 25
219 2373 281 2429 δὲ
311 2374 401 2430 καὶ
436 2374 601 2449 ἑτέρῳ
636 2374 873 2448 ἐπιπέδῳ
906 2378 1272 2445 συμπίπτοντι
1305 2373 1406 2445 μὲν
1440 2374 1669 2448 ἑκατέρᾳ
1699 2375 1909 2446 πλευρᾷ

216 2466 317 2518 τοῦ
358 2465 451 2519 διὰ
489 2466 590 2519 τοῦ
631 2461 831 2528 ἄξονος
868 2462 1165 2533 τριγώνου,
1206 2463 1340 2534 μήτε
1380 2461 1442 2517 δὲ
1478 2461 1811 2536 παραλλήλῳ
1843 2465 1910 2534 τῇ

217 2552 375 2623 βάσει
406 2555 507 2608 τοῦ
537 2550 726 2607 κώνου
757 2550 890 2622 μήτε
920 2549 1264 2617 ὑπεναντίως
1294 2549 1531 2626 ἠγμένῳ,
1563 2550 1654 2605 καὶ
1686 2553 1907 2605 ποιείτω

217 2640 393 2712 τομὴν
435 2642 494 2696 ἐν
534 2644 600 2713 τῇ
639 2642 933 2713 ἐπιφανείᾳ
971 2649 1072 2695 τοῦ
1110 2639 1298 2696 κώνου
1336 2641 1438 2712 τὴν
1476 2647 1529 2694 A
1542 2645 1592 2693 E
1624 2637 1908 2710 γραμμήν·

344 2765 379 2804 l.
414 2756 507 2818 ιγ’]
540 2774 629 2804 om.
654 2758 710 2815 V,
742 2773 801 2804 m.
827 2764 852 2802 2
878 2774 922 2803 v.
1022 2763 1090 2803 13.
1123 2755 1436 2816 τετράγωνον]
1471 2771 1554 2811 cv3
1587 2773 1659 2801 τε·
1693 2771 1824 2801 euan.
1851 2754 1907 2810 V,

219 2835 379 2871 τετρα-
413 2834 509 2875 rep.
543 2833 636 2875 mg.
663 2834 723 2864 m.
747 2833 837 2863 rec.
933 2822 1001 2862 16.
1037 2815 1273 2876 εὐθείαις]
1307 2817 1362 2873 V,
1396 2819 1587 2874 γωνίαις
1621 2830 1740 2872 cvp.
1832 2819 1907 2859 20.

222 2875 423 2922 δύναται
459 2878 517 2932 V3
552 2892 664 2922 corr.
697 2876 891 2922 Memus.
