<?xml version="1.0" encoding="UTF-8"?>
<!DOCTYPE html PUBLIC "-//W3C//DTD XHTML 1.0 Transitional//EN"
    "http://www.w3.org/TR/xhtml1/DTD/xhtml1-transitional.dtd">
<html xmlns="http://www.w3.org/1999/xhtml" xml:lang="en" lang="en">
 <head>
  <title>
</title>
<meta http-equiv="Content-Type" content="text/html;charset=utf-8" />
  <meta name='ocr-system' content='tesseract 3.04.00' />
  <meta name='ocr-capabilities' content='ocr_page ocr_carea ocr_par ocr_line ocrx_word'/>
</head>
<body>
  <div class='ocr_page' id='page_1' title='image "apolloniipergaei01apoluoft_0108.png"; bbox 0 0 1982 3178; ppageno 0'>
   <div class='ocr_carea' id='block_1_1' title="bbox 196 73 1245 129">
    <p class='ocr_par' dir='ltr' id='par_1_1' title="bbox 196 73 1245 129">
     <span class='ocr_line' id='line_1_1' title="bbox 196 73 1245 129; baseline -0.006 0"><span class='ocrx_word' id='word_1_1' title='bbox 196 75 272 129; x_wconf 90' lang='lat'><strong><em>90</em></strong></span> <span class='ocrx_word' id='word_1_2' title='bbox 862 77 1143 123; x_wconf 72' lang='grc' dir='ltr'><strong>ΚΩΝΙΚῼΝ</strong></span> <span class='ocrx_word' id='word_1_3' title='bbox 1174 73 1245 123; x_wconf 82' lang='grc' dir='ltr'><strong><em>α’.</em></strong></span> 
     </span>
    </p>
   </div>
   <div class='ocr_carea' id='block_1_2' title="bbox 105 187 1901 1342">
    <p class='ocr_par' dir='ltr' id='par_1_2' title="bbox 105 187 1901 1342">
     <span class='ocr_line' id='line_1_2' title="bbox 303 187 1900 272; baseline 0.001 -20"><span class='ocrx_word' id='word_1_4' title='bbox 303 196 650 268; x_wconf 81' lang='grc' dir='ltr'><strong><em>τεταγμένως</em></strong></span> <span class='ocrx_word' id='word_1_5' title='bbox 693 194 810 269; x_wconf 81' lang='grc' dir='ltr'><strong><em>γὰρ</em></strong></span> <span class='ocrx_word' id='word_1_6' title='bbox 849 194 1112 269; x_wconf 85' lang='grc' dir='ltr'><strong><em>κατήχθω</em></strong></span> <span class='ocrx_word' id='word_1_7' title='bbox 1151 194 1186 268; x_wconf 79' lang='grc' dir='ltr'><em>ἡ</em></span> <span class='ocrx_word' id='word_1_8' title='bbox 1228 203 1367 268; x_wconf 91' lang='grc' dir='ltr'><strong><em>ΕΔ,</em></strong></span> <span class='ocrx_word' id='word_1_9' title='bbox 1413 197 1507 254; x_wconf 88' lang='grc' dir='ltr'><strong><em>καὶ</em></strong></span> <span class='ocrx_word' id='word_1_10' title='bbox 1544 187 1611 272; x_wconf 83' lang='grc' dir='ltr'><strong><em>τῇ</em></strong></span> <span class='ocrx_word' id='word_1_11' title='bbox 1652 203 1771 254; x_wconf 86' lang='grc' dir='ltr'><strong><em>ΑΕ</em></strong></span> <span class='ocrx_word' id='word_1_12' title='bbox 1807 205 1900 271; x_wconf 80' lang='grc' dir='ltr'><strong><em>ἴση</em></strong></span> 
     </span>
     <span class='ocr_line' id='line_1_3' title="bbox 190 282 1899 359; baseline 0.002 -19"><span class='ocrx_word' id='word_1_13' title='bbox 190 288 402 341; x_wconf 81' lang='grc' dir='ltr'><strong><em>κείσθω</em></strong></span> <span class='ocrx_word' id='word_1_14' title='bbox 441 282 476 356; x_wconf 79' lang='grc' dir='ltr'><em>ἡ</em></span> <span class='ocrx_word' id='word_1_15' title='bbox 510 291 640 355; x_wconf 87' lang='grc' dir='ltr'><strong><em>ΒΖ,</em></strong></span> <span class='ocrx_word' id='word_1_16' title='bbox 679 284 771 340; x_wconf 88' lang='grc' dir='ltr'><strong><em>καὶ</em></strong></span> <span class='ocrx_word' id='word_1_17' title='bbox 810 286 1155 357; x_wconf 79' lang='grc' dir='ltr'><strong><em>τεταγμένως</em></strong></span> <span class='ocrx_word' id='word_1_18' title='bbox 1192 284 1352 358; x_wconf 67' lang='grc' dir='ltr'><strong><em>ἴχθω</em></strong></span> <span class='ocrx_word' id='word_1_19' title='bbox 1392 283 1427 359; x_wconf 81' lang='grc' dir='ltr'><em>ἡ</em></span> <span class='ocrx_word' id='word_1_20' title='bbox 1461 291 1588 345; x_wconf 90' lang='grc' dir='ltr'><strong><em>ΖΗ.</em></strong></span> <span class='ocrx_word' id='word_1_21' title='bbox 1647 287 1741 343; x_wconf 87' lang='grc' dir='ltr'><strong><em>καὶ</em></strong></span> <span class='ocrx_word' id='word_1_22' title='bbox 1780 288 1899 344; x_wconf 83' lang='grc' dir='ltr'><strong><em>ἐπεὶ</em></strong></span> 
     </span>
     <span class='ocr_line' id='line_1_4' title="bbox 194 372 1901 449; baseline 0.002 -20"><span class='ocrx_word' id='word_1_23' title='bbox 194 381 285 446; x_wconf 76' lang='grc' dir='ltr'><strong><em>ἴση</em></strong></span> <span class='ocrx_word' id='word_1_24' title='bbox 335 374 486 430; x_wconf 83' lang='grc' dir='ltr'><strong><em>ἐστὶν</em></strong></span> <span class='ocrx_word' id='word_1_25' title='bbox 532 372 567 446; x_wconf 81' lang='grc' dir='ltr'><em>ἡ</em></span> <span class='ocrx_word' id='word_1_26' title='bbox 611 380 722 429; x_wconf 91' lang='grc' dir='ltr'><strong><em>ΕΑ</em></strong></span> <span class='ocrx_word' id='word_1_27' title='bbox 767 377 835 447; x_wconf 83' lang='grc' dir='ltr'><strong><em>τῇ</em></strong></span> <span class='ocrx_word' id='word_1_28' title='bbox 877 380 1006 445; x_wconf 91' lang='grc' dir='ltr'><strong><em>ΒΖ,</em></strong></span> <span class='ocrx_word' id='word_1_29' title='bbox 1052 374 1215 447; x_wconf 86' lang='grc' dir='ltr'><strong><em>κοινὴ</em></strong></span> <span class='ocrx_word' id='word_1_30' title='bbox 1267 375 1328 431; x_wconf 75' lang='grc' dir='ltr'><strong><em>δὲ</em></strong></span> <span class='ocrx_word' id='word_1_31' title='bbox 1367 373 1402 447; x_wconf 81' lang='grc' dir='ltr'><em>ἡ</em></span> <span class='ocrx_word' id='word_1_32' title='bbox 1442 382 1577 447; x_wconf 89' lang='grc' dir='ltr'><strong><em>ΑΒ,</em></strong></span> <span class='ocrx_word' id='word_1_33' title='bbox 1623 383 1750 433; x_wconf 75' lang='grc' dir='ltr'><strong><em>ἴσον</em></strong></span> <span class='ocrx_word' id='word_1_34' title='bbox 1790 374 1901 449; x_wconf 71' lang='grc' dir='ltr'><strong><em>ἄρα</em></strong></span> 
     </span>
     <span class='ocr_line' id='line_1_5' title="bbox 191 461 1901 539; baseline 0.002 -20"><span class='ocrx_word' id='word_1_35' title='bbox 191 461 253 520; x_wconf 90' lang='grc' dir='ltr'><strong><em>τὸ</em></strong></span> <span class='ocrx_word' id='word_1_36' title='bbox 299 461 411 519; x_wconf 82' lang='grc' dir='ltr'><strong><em>ὑπὸ</em></strong></span> <span class='ocrx_word' id='word_1_37' title='bbox 453 470 625 519; x_wconf 91' lang='grc' dir='ltr'><strong><em>ΒΕΑ</em></strong></span> <span class='ocrx_word' id='word_1_38' title='bbox 669 466 744 539; x_wconf 79' lang='grc' dir='ltr'><strong><em>τῷ</em></strong></span> <span class='ocrx_word' id='word_1_39' title='bbox 791 461 901 520; x_wconf 84' lang='grc' dir='ltr'><strong><em>ὑπὸ</em></strong></span> <span class='ocrx_word' id='word_1_40' title='bbox 946 471 1126 520; x_wconf 91' lang='grc' dir='ltr'><em>ΑΖΒ.</em></span> <span class='ocrx_word' id='word_1_41' title='bbox 1202 465 1295 520; x_wconf 85' lang='grc' dir='ltr'><strong><em>καὶ</em></strong></span> <span class='ocrx_word' id='word_1_42' title='bbox 1343 467 1466 522; x_wconf 81' lang='grc' dir='ltr'><strong><em>ἐπεί</em></strong></span> <span class='ocrx_word' id='word_1_43' title='bbox 1501 467 1677 536; x_wconf 82' lang='grc' dir='ltr'><strong><em>ἐστιν,</em></strong></span> <span class='ocrx_word' id='word_1_44' title='bbox 1726 462 1802 532; x_wconf 78' lang='grc' dir='ltr'><strong><em>ὥς</em></strong></span> <span class='ocrx_word' id='word_1_45' title='bbox 1838 465 1901 521; x_wconf 89' lang='grc' dir='ltr'><strong><em>τὸ</em></strong></span> 
     </span>
     <span class='ocr_line' id='line_1_6' title="bbox 131 550 1901 628; baseline 0.001 -18"><span class='ocrx_word' id='word_1_46' title='bbox 131 570 159 610; x_wconf 84' lang='grc'>5</span> <span class='ocrx_word' id='word_1_47' title='bbox 192 550 299 609; x_wconf 85' lang='grc' dir='ltr'><strong><em>ὑπὸ</em></strong></span> <span class='ocrx_word' id='word_1_48' title='bbox 362 558 532 608; x_wconf 89' lang='grc' dir='ltr'><strong><em>ΒΕΑ</em></strong></span> <span class='ocrx_word' id='word_1_49' title='bbox 585 551 727 626; x_wconf 81' lang='grc' dir='ltr'><strong><em>πρὸς</em></strong></span> <span class='ocrx_word' id='word_1_50' title='bbox 780 551 843 610; x_wconf 89' lang='grc' dir='ltr'><strong><em>τὸ</em></strong></span> <span class='ocrx_word' id='word_1_51' title='bbox 901 550 1009 610; x_wconf 82' lang='grc' dir='ltr'><strong><em>ἀπὸ</em></strong></span> <span class='ocrx_word' id='word_1_52' title='bbox 1059 560 1197 625; x_wconf 92' lang='grc' dir='ltr'><strong><em>ΔΕ,</em></strong></span> <span class='ocrx_word' id='word_1_53' title='bbox 1254 552 1288 626; x_wconf 82' lang='grc' dir='ltr'>ἡ</span> <span class='ocrx_word' id='word_1_54' title='bbox 1343 559 1550 626; x_wconf 88' lang='grc' dir='ltr'><strong><em>πλαγία</em></strong></span> <span class='ocrx_word' id='word_1_55' title='bbox 1603 553 1743 628; x_wconf 82' lang='grc' dir='ltr'><strong><em>πρὸς</em></strong></span> <span class='ocrx_word' id='word_1_56' title='bbox 1795 553 1901 626; x_wconf 85' lang='grc' dir='ltr'><strong><em>τὴν</em></strong></span> 
     </span>
     <span class='ocr_line' id='line_1_7' title="bbox 194 639 1900 715; baseline 0.001 -18"><span class='ocrx_word' id='word_1_57' title='bbox 194 640 422 715; x_wconf 78' lang='grc' dir='ltr'><em>ὀρθίαν,</em></span> <span class='ocrx_word' id='word_1_58' title='bbox 462 640 605 698; x_wconf 81' lang='grc' dir='ltr'><strong><em>ἀλλὰ</em></strong></span> <span class='ocrx_word' id='word_1_59' title='bbox 642 642 735 698; x_wconf 85' lang='grc' dir='ltr'><strong><em>καὶ</em></strong></span> <span class='ocrx_word' id='word_1_60' title='bbox 775 639 852 708; x_wconf 75' lang='grc' dir='ltr'><strong><em>ὡς</em></strong></span> <span class='ocrx_word' id='word_1_61' title='bbox 889 641 951 698; x_wconf 91' lang='grc' dir='ltr'><strong><em>τὸ</em></strong></span> <span class='ocrx_word' id='word_1_62' title='bbox 990 640 1100 700; x_wconf 83' lang='grc' dir='ltr'><strong><em>ὑπὸ</em></strong></span> <span class='ocrx_word' id='word_1_63' title='bbox 1133 650 1297 700; x_wconf 89' lang='grc' dir='ltr'><strong><em>ΑΖΒ</em></strong></span> <span class='ocrx_word' id='word_1_64' title='bbox 1338 643 1477 715; x_wconf 81' lang='grc' dir='ltr'><strong><em>πρὸς</em></strong></span> <span class='ocrx_word' id='word_1_65' title='bbox 1513 643 1578 701; x_wconf 90' lang='grc' dir='ltr'><strong><em>τὸ</em></strong></span> <span class='ocrx_word' id='word_1_66' title='bbox 1617 642 1727 701; x_wconf 79' lang='grc' dir='ltr'><strong><em>ἀπὸ</em></strong></span> <span class='ocrx_word' id='word_1_67' title='bbox 1760 649 1900 715; x_wconf 87' lang='grc' dir='ltr'><strong><em>ΖΗ,</em></strong></span> 
     </span>
     <span class='ocr_line' id='line_1_8' title="bbox 192 728 1900 805; baseline 0.001 -18"><span class='ocrx_word' id='word_1_68' title='bbox 192 728 226 803; x_wconf 81' lang='grc' dir='ltr'><em>ἡ</em></span> <span class='ocrx_word' id='word_1_69' title='bbox 267 737 474 803; x_wconf 83' lang='grc' dir='ltr'><strong><em>πλαγία</em></strong></span> <span class='ocrx_word' id='word_1_70' title='bbox 511 730 652 805; x_wconf 82' lang='grc' dir='ltr'><strong><em>πρὸς</em></strong></span> <span class='ocrx_word' id='word_1_71' title='bbox 688 730 792 803; x_wconf 89' lang='grc' dir='ltr'><strong><em>τὴν</em></strong></span> <span class='ocrx_word' id='word_1_72' title='bbox 835 730 1063 805; x_wconf 78' lang='grc' dir='ltr'><strong><em>ὀρθίαν,</em></strong></span> <span class='ocrx_word' id='word_1_73' title='bbox 1103 733 1196 789; x_wconf 85' lang='grc' dir='ltr'><strong><em>καὶ</em></strong></span> <span class='ocrx_word' id='word_1_74' title='bbox 1236 730 1311 799; x_wconf 78' lang='grc' dir='ltr'><strong><em>ὡς</em></strong></span> <span class='ocrx_word' id='word_1_75' title='bbox 1350 732 1460 805; x_wconf 79' lang='grc' dir='ltr'><strong><em>ἄρα</em></strong></span> <span class='ocrx_word' id='word_1_76' title='bbox 1489 732 1553 790; x_wconf 89' lang='grc' dir='ltr'><strong><em>τὸ</em></strong></span> <span class='ocrx_word' id='word_1_77' title='bbox 1587 731 1697 790; x_wconf 82' lang='grc' dir='ltr'><strong><em>ὑπὸ</em></strong></span> <span class='ocrx_word' id='word_1_78' title='bbox 1730 739 1900 789; x_wconf 90' lang='grc' dir='ltr'><strong><em>ΒΕΑ</em></strong></span> 
     </span>
     <span class='ocr_line' id='line_1_9' title="bbox 190 818 1901 895; baseline 0.001 -19"><span class='ocrx_word' id='word_1_79' title='bbox 190 820 329 894; x_wconf 79' lang='grc' dir='ltr'><strong><em>πρὸς</em></strong></span> <span class='ocrx_word' id='word_1_80' title='bbox 382 819 444 877; x_wconf 90' lang='grc' dir='ltr'><strong><em>τὸ</em></strong></span> <span class='ocrx_word' id='word_1_81' title='bbox 490 819 600 877; x_wconf 78' lang='grc' dir='ltr'><strong><em>ἀπὸ</em></strong></span> <span class='ocrx_word' id='word_1_82' title='bbox 643 828 698 876; x_wconf 83' lang='lat' dir='ltr'><em>A</em></span> <span class='ocrx_word' id='word_1_83' title='bbox 711 827 783 893; x_wconf 93' lang='grc' dir='ltr'><strong><em>Ε,</em></strong></span> <span class='ocrx_word' id='word_1_84' title='bbox 833 820 1011 888; x_wconf 77' lang='grc' dir='ltr'><strong><em>οὕτως</em></strong></span> <span class='ocrx_word' id='word_1_85' title='bbox 1059 820 1122 877; x_wconf 89' lang='grc' dir='ltr'><strong><em>τὸ</em></strong></span> <span class='ocrx_word' id='word_1_86' title='bbox 1163 820 1274 878; x_wconf 82' lang='grc' dir='ltr'><strong><em>ὑπὸ</em></strong></span> <span class='ocrx_word' id='word_1_87' title='bbox 1314 829 1478 878; x_wconf 93' lang='grc' dir='ltr'><strong><em>ΑΖΒ</em></strong></span> <span class='ocrx_word' id='word_1_88' title='bbox 1516 819 1654 895; x_wconf 78' lang='grc' dir='ltr'><strong><em>πρὸς</em></strong></span> <span class='ocrx_word' id='word_1_89' title='bbox 1690 819 1753 878; x_wconf 89' lang='grc' dir='ltr'><strong><em>τὸ</em></strong></span> <span class='ocrx_word' id='word_1_90' title='bbox 1792 818 1901 877; x_wconf 80' lang='grc' dir='ltr'><strong><em>ἀπὸ</em></strong></span> 
     </span>
     <span class='ocr_line' id='line_1_10' title="bbox 194 908 1900 988; baseline 0.001 -23"><span class='ocrx_word' id='word_1_91' title='bbox 194 915 320 966; x_wconf 90' lang='grc' dir='ltr'><strong><em>ΖΗ.</em></strong></span> <span class='ocrx_word' id='word_1_92' title='bbox 394 917 520 967; x_wconf 74' lang='grc' dir='ltr'><strong><em>ἴσον</em></strong></span> <span class='ocrx_word' id='word_1_93' title='bbox 562 910 623 967; x_wconf 75' lang='grc' dir='ltr'><strong><em>δὲ</em></strong></span> <span class='ocrx_word' id='word_1_94' title='bbox 661 910 724 967; x_wconf 88' lang='grc' dir='ltr'><strong><em>τὸ</em></strong></span> <span class='ocrx_word' id='word_1_95' title='bbox 764 908 875 967; x_wconf 79' lang='grc' dir='ltr'><strong><em>ὑπὸ</em></strong></span> <span class='ocrx_word' id='word_1_96' title='bbox 910 917 1081 967; x_wconf 93' lang='grc' dir='ltr'><strong><em>ΒΕΑ</em></strong></span> <span class='ocrx_word' id='word_1_97' title='bbox 1120 915 1196 988; x_wconf 80' lang='grc' dir='ltr'><strong><em>τῷ</em></strong></span> <span class='ocrx_word' id='word_1_98' title='bbox 1235 909 1346 967; x_wconf 75' lang='grc' dir='ltr'><strong><em>ὑπὸ</em></strong></span> <span class='ocrx_word' id='word_1_99' title='bbox 1379 918 1566 967; x_wconf 88' lang='grc' dir='ltr'><em>ΑΖΒ·</em></span> <span class='ocrx_word' id='word_1_100' title='bbox 1630 919 1756 967; x_wconf 77' lang='grc' dir='ltr'><strong><em>ἴσον</em></strong></span> <span class='ocrx_word' id='word_1_101' title='bbox 1789 911 1900 984; x_wconf 77' lang='grc' dir='ltr'><strong><em>ἄρα</em></strong></span> 
     </span>
     <span class='ocr_line' id='line_1_11' title="bbox 105 994 1899 1076; baseline 0.002 -22"><span class='ocrx_word' id='word_1_102' title='bbox 105 1022 159 1062; x_wconf 90' lang='lat'><strong><em>10</em></strong></span> <span class='ocrx_word' id='word_1_103' title='bbox 193 999 284 1054; x_wconf 86' lang='grc' dir='ltr'><strong><em>καὶ</em></strong></span> <span class='ocrx_word' id='word_1_104' title='bbox 330 997 392 1055; x_wconf 91' lang='grc' dir='ltr'><strong><em>τὸ</em></strong></span> <span class='ocrx_word' id='word_1_105' title='bbox 439 996 549 1056; x_wconf 80' lang='grc' dir='ltr'><strong><em>ἀπὸ</em></strong></span> <span class='ocrx_word' id='word_1_106' title='bbox 591 1006 706 1055; x_wconf 91' lang='grc' dir='ltr'><strong><em>ΕΔ</em></strong></span> <span class='ocrx_word' id='word_1_107' title='bbox 751 1003 828 1076; x_wconf 80' lang='grc' dir='ltr'><strong><em>τῷ</em></strong></span> <span class='ocrx_word' id='word_1_108' title='bbox 876 997 984 1056; x_wconf 83' lang='grc' dir='ltr'><strong><em>ἀπὸ</em></strong></span> <span class='ocrx_word' id='word_1_109' title='bbox 1027 1007 1153 1056; x_wconf 90' lang='grc' dir='ltr'><strong><em>ΖΗ.</em></strong></span> <span class='ocrx_word' id='word_1_110' title='bbox 1232 1001 1347 1057; x_wconf 82' lang='grc' dir='ltr'><strong><em>ἐπεὶ</em></strong></span> <span class='ocrx_word' id='word_1_111' title='bbox 1397 994 1501 1058; x_wconf 81' lang='grc' dir='ltr'><strong><em>οὖν</em></strong></span> <span class='ocrx_word' id='word_1_112' title='bbox 1541 1008 1633 1072; x_wconf 77' lang='grc' dir='ltr'><strong><em>ἴση</em></strong></span> <span class='ocrx_word' id='word_1_113' title='bbox 1674 1000 1825 1057; x_wconf 83' lang='grc' dir='ltr'><strong><em>ἐστὶν</em></strong></span> <span class='ocrx_word' id='word_1_114' title='bbox 1865 997 1899 1072; x_wconf 80' lang='grc' dir='ltr'><em>ἡ</em></span> 
     </span>
     <span class='ocr_line' id='line_1_12' title="bbox 190 1086 1897 1164; baseline 0.001 -21"><span class='ocrx_word' id='word_1_115' title='bbox 190 1086 294 1158; x_wconf 74' lang='grc' dir='ltr'><strong><em>μὲν</em></strong></span> <span class='ocrx_word' id='word_1_116' title='bbox 334 1093 448 1144; x_wconf 92' lang='grc' dir='ltr'><strong><em>ΕΓ</em></strong></span> <span class='ocrx_word' id='word_1_117' title='bbox 478 1091 544 1162; x_wconf 80' lang='grc' dir='ltr'><strong><em>τῇ</em></strong></span> <span class='ocrx_word' id='word_1_118' title='bbox 585 1094 712 1160; x_wconf 92' lang='grc' dir='ltr'><strong><em>ΓΖ,</em></strong></span> <span class='ocrx_word' id='word_1_119' title='bbox 751 1087 786 1161; x_wconf 78' lang='grc' dir='ltr'><em>ἡ</em></span> <span class='ocrx_word' id='word_1_120' title='bbox 835 1089 897 1145; x_wconf 75' lang='grc' dir='ltr'><strong><em>δὲ</em></strong></span> <span class='ocrx_word' id='word_1_121' title='bbox 937 1097 1054 1146; x_wconf 89' lang='grc' dir='ltr'><strong><em>ΔΕ</em></strong></span> <span class='ocrx_word' id='word_1_122' title='bbox 1088 1093 1155 1164; x_wconf 81' lang='grc' dir='ltr'><strong><em>τῇ</em></strong></span> <span class='ocrx_word' id='word_1_123' title='bbox 1197 1095 1333 1162; x_wconf 92' lang='grc' dir='ltr'><strong><em>ΖΗ,</em></strong></span> <span class='ocrx_word' id='word_1_124' title='bbox 1374 1090 1467 1146; x_wconf 87' lang='grc' dir='ltr'><strong><em>καὶ</em></strong></span> <span class='ocrx_word' id='word_1_125' title='bbox 1506 1087 1704 1146; x_wconf 78' lang='grc' dir='ltr'><strong><em>εὐθεῖά</em></strong></span> <span class='ocrx_word' id='word_1_126' title='bbox 1745 1091 1897 1146; x_wconf 79' lang='grc' dir='ltr'><strong><em>ἐστιν</em></strong></span> 
     </span>
     <span class='ocr_line' id='line_1_13' title="bbox 190 1175 1898 1253; baseline 0.002 -21"><span class='ocrx_word' id='word_1_127' title='bbox 190 1175 224 1247; x_wconf 84' lang='grc' dir='ltr'>ἡ</span> <span class='ocrx_word' id='word_1_128' title='bbox 259 1183 388 1247; x_wconf 90' lang='grc' dir='ltr'><strong><em>ΕΖ,</em></strong></span> <span class='ocrx_word' id='word_1_129' title='bbox 428 1179 521 1233; x_wconf 88' lang='grc' dir='ltr'><strong><em>καὶ</em></strong></span> <span class='ocrx_word' id='word_1_130' title='bbox 561 1180 913 1251; x_wconf 76' lang='grc' dir='ltr'><strong><em>παράλληλος</em></strong></span> <span class='ocrx_word' id='word_1_131' title='bbox 950 1177 985 1250; x_wconf 84' lang='grc' dir='ltr'><em>ἡ</em></span> <span class='ocrx_word' id='word_1_132' title='bbox 1019 1186 1134 1235; x_wconf 90' lang='grc' dir='ltr'><strong><em>ΕΔ</em></strong></span> <span class='ocrx_word' id='word_1_133' title='bbox 1163 1183 1229 1253; x_wconf 78' lang='grc' dir='ltr'><strong><em>τῇ</em></strong></span> <span class='ocrx_word' id='word_1_134' title='bbox 1264 1186 1401 1250; x_wconf 94' lang='grc' dir='ltr'><strong><em>ΖΗ,</em></strong></span> <span class='ocrx_word' id='word_1_135' title='bbox 1440 1180 1533 1235; x_wconf 87' lang='grc' dir='ltr'><strong><em>καὶ</em></strong></span> <span class='ocrx_word' id='word_1_136' title='bbox 1563 1177 1598 1252; x_wconf 83' lang='grc' dir='ltr'><em>ἡ</em></span> <span class='ocrx_word' id='word_1_137' title='bbox 1634 1185 1763 1235; x_wconf 93' lang='grc' dir='ltr'><strong><em>ΔΗ</em></strong></span> <span class='ocrx_word' id='word_1_138' title='bbox 1787 1179 1898 1249; x_wconf 76' lang='grc' dir='ltr'><strong><em>ἄρα</em></strong></span> 
     </span>
     <span class='ocr_line' id='line_1_14' title="bbox 190 1263 1896 1342; baseline 0.002 -21"><span class='ocrx_word' id='word_1_139' title='bbox 190 1263 551 1323; x_wconf 61' lang='grc' dir='ltr'><strong><em>εὐθεῖάέστι.</em></strong></span> <span class='ocrx_word' id='word_1_140' title='bbox 612 1268 705 1324; x_wconf 88' lang='grc' dir='ltr'><strong><em>καὶ</em></strong></span> <span class='ocrx_word' id='word_1_141' title='bbox 737 1265 770 1339; x_wconf 80' lang='grc' dir='ltr'>ἡ</span> <span class='ocrx_word' id='word_1_142' title='bbox 800 1273 910 1323; x_wconf 89' lang='grc' dir='ltr'><strong><em>ΓΔ</em></strong></span> <span class='ocrx_word' id='word_1_143' title='bbox 935 1267 1044 1342; x_wconf 79' lang='grc' dir='ltr'><strong><em>ἄρα</em></strong></span> <span class='ocrx_word' id='word_1_144' title='bbox 1067 1280 1221 1341; x_wconf 85' lang='grc' dir='ltr'><strong><em>τεμεῖ</em></strong></span> <span class='ocrx_word' id='word_1_145' title='bbox 1242 1270 1334 1324; x_wconf 89' lang='grc' dir='ltr'><strong><em>καὶ</em></strong></span> <span class='ocrx_word' id='word_1_146' title='bbox 1357 1268 1462 1341; x_wconf 84' lang='grc' dir='ltr'><strong><em>τὴν</em></strong></span> <span class='ocrx_word' id='word_1_147' title='bbox 1487 1270 1680 1342; x_wconf 79' lang='grc' dir='ltr'><strong><em>ἑτέραν</em></strong></span> <span class='ocrx_word' id='word_1_148' title='bbox 1703 1266 1896 1340; x_wconf 85' lang='grc' dir='ltr'><strong><em>τομήν.</em></strong></span> 
     </span>
    </p>
   </div>
   <div class='ocr_carea' id='block_1_3' title="bbox 98 1431 1895 2053">
    <p class='ocr_par' dir='ltr' id='par_1_3' title="bbox 1009 1431 1081 1488">
     <span class='ocr_line' id='line_1_15' title="bbox 1009 1431 1081 1488; baseline 0 0"><span class='ocrx_word' id='word_1_149' title='bbox 1009 1431 1081 1488; x_wconf 81' lang='grc' dir='ltr'><strong><em>λ’.</em></strong></span> 
     </span>
    </p>

    <p class='ocr_par' dir='ltr' id='par_1_4' title="bbox 102 1530 1895 1787">
     <span class='ocr_line' id='line_1_16' title="bbox 102 1530 1889 1609; baseline 0.001 -20"><span class='ocrx_word' id='word_1_150' title='bbox 102 1558 156 1597; x_wconf 87' lang='lat'><strong><em>15</em></strong></span> <span class='ocrx_word' id='word_1_151' title='bbox 298 1530 431 1590; x_wconf 77' lang='grc' dir='ltr'><strong><em>Ἐὰν</em></strong></span> <span class='ocrx_word' id='word_1_152' title='bbox 473 1537 534 1591; x_wconf 82' lang='grc' dir='ltr'><strong><em>ἐν</em></strong></span> <span class='ocrx_word' id='word_1_153' title='bbox 573 1536 813 1603; x_wconf 78' lang='grc' dir='ltr'><strong><em>ἐλλείψει</em></strong></span> <span class='ocrx_word' id='word_1_154' title='bbox 853 1531 886 1607; x_wconf 78' lang='grc' dir='ltr'><em>ἢ</em></span> <span class='ocrx_word' id='word_1_155' title='bbox 926 1533 1333 1608; x_wconf 78' lang='grc' dir='ltr'><strong><em>ἀντικειμέναις</em></strong></span> <span class='ocrx_word' id='word_1_156' title='bbox 1371 1534 1567 1592; x_wconf 80' lang='grc' dir='ltr'><strong><em>εὐθεῖα</em></strong></span> <span class='ocrx_word' id='word_1_157' title='bbox 1607 1534 1757 1609; x_wconf 80' lang='grc' dir='ltr'><strong><em>ἀχθῇ</em></strong></span> <span class='ocrx_word' id='word_1_158' title='bbox 1799 1531 1889 1607; x_wconf 84' lang='grc' dir='ltr'><strong><em>ἐφ’</em></strong></span> 
     </span>
     <span class='ocr_line' id='line_1_17' title="bbox 193 1620 1895 1699; baseline 0.002 -22"><span class='ocrx_word' id='word_1_159' title='bbox 193 1620 422 1696; x_wconf 79' lang='grc' dir='ltr'><strong><em>ἑκάτερα</em></strong></span> <span class='ocrx_word' id='word_1_160' title='bbox 460 1628 563 1680; x_wconf 87' lang='grc' dir='ltr'><strong><em>τοῦ</em></strong></span> <span class='ocrx_word' id='word_1_161' title='bbox 602 1626 838 1698; x_wconf 88' lang='grc' dir='ltr'><strong><em>κέντρου</em></strong></span> <span class='ocrx_word' id='word_1_162' title='bbox 878 1630 1268 1697; x_wconf 84' lang='grc' dir='ltr'><strong><em>συμπίπτουσα</em></strong></span> <span class='ocrx_word' id='word_1_163' title='bbox 1306 1629 1373 1699; x_wconf 80' lang='grc' dir='ltr'><strong><em>τῇ</em></strong></span> <span class='ocrx_word' id='word_1_164' title='bbox 1404 1628 1563 1699; x_wconf 83' lang='grc' dir='ltr'><strong><em>τομῇ,</em></strong></span> <span class='ocrx_word' id='word_1_165' title='bbox 1604 1628 1731 1698; x_wconf 80' lang='grc' dir='ltr'><strong><em>δίχα</em></strong></span> <span class='ocrx_word' id='word_1_166' title='bbox 1762 1646 1895 1696; x_wconf 87' lang='grc' dir='ltr'><strong><em>τμη-</em></strong></span> 
     </span>
     <span class='ocr_line' id='line_1_18' title="bbox 189 1711 995 1787; baseline 0.006 -21"><span class='ocrx_word' id='word_1_167' title='bbox 189 1711 429 1783; x_wconf 84' lang='grc' dir='ltr'><strong><em>θήσεται</em></strong></span> <span class='ocrx_word' id='word_1_168' title='bbox 467 1712 606 1770; x_wconf 78' lang='grc' dir='ltr'><strong><em>κατὰ</em></strong></span> <span class='ocrx_word' id='word_1_169' title='bbox 644 1713 706 1770; x_wconf 92' lang='grc' dir='ltr'><strong><em>τὸ</em></strong></span> <span class='ocrx_word' id='word_1_170' title='bbox 747 1715 995 1787; x_wconf 79' lang='grc' dir='ltr'><strong><em>κέντρον.</em></strong></span> 
     </span>
    </p>

    <p class='ocr_par' dir='ltr' id='par_1_5' title="bbox 98 1799 1893 2053">
     <span class='ocr_line' id='line_1_19' title="bbox 303 1799 1893 1876; baseline 0.001 -20"><span class='ocrx_word' id='word_1_171' title='bbox 303 1807 441 1858; x_wconf 83' lang='grc' dir='ltr'><strong><em>ἔστω</em></strong></span> <span class='ocrx_word' id='word_1_172' title='bbox 482 1807 722 1870; x_wconf 82' lang='grc' dir='ltr'><strong><em>ἔλλειψις</em></strong></span> <span class='ocrx_word' id='word_1_173' title='bbox 762 1799 793 1858; x_wconf 57' lang='lat'><strong><em>3⁸</em></strong></span> <span class='ocrx_word' id='word_1_174' title='bbox 836 1803 1229 1875; x_wconf 84' lang='grc' dir='ltr'><strong><em>ἀντικείμεναι,</em></strong></span> <span class='ocrx_word' id='word_1_175' title='bbox 1271 1803 1566 1876; x_wconf 76' lang='grc' dir='ltr'><strong><em>διάμετρος</em></strong></span> <span class='ocrx_word' id='word_1_176' title='bbox 1606 1801 1668 1858; x_wconf 76' lang='grc' dir='ltr'><strong><em>δὲ</em></strong></span> <span class='ocrx_word' id='word_1_177' title='bbox 1706 1800 1893 1858; x_wconf 76' lang='grc' dir='ltr'><strong><em>αὐτῶν</em></strong></span> 
     </span>
     <span class='ocr_line' id='line_1_20' title="bbox 189 1886 1891 1964; baseline 0.001 -19"><span class='ocrx_word' id='word_1_178' title='bbox 189 1886 223 1962; x_wconf 79' lang='grc' dir='ltr'><em>ἡ</em></span> <span class='ocrx_word' id='word_1_179' title='bbox 270 1896 403 1961; x_wconf 84' lang='grc' dir='ltr'><strong><em>ΑΒ,</em></strong></span> <span class='ocrx_word' id='word_1_180' title='bbox 457 1892 691 1964; x_wconf 80' lang='grc' dir='ltr'><strong><em>κέντρον</em></strong></span> <span class='ocrx_word' id='word_1_181' title='bbox 745 1891 807 1948; x_wconf 75' lang='grc' dir='ltr'><strong><em>δὲ</em></strong></span> <span class='ocrx_word' id='word_1_182' title='bbox 851 1890 913 1948; x_wconf 85' lang='grc' dir='ltr'><strong><em>τὸ</em></strong></span> <span class='ocrx_word' id='word_1_183' title='bbox 955 1897 1027 1963; x_wconf 93' lang='grc' dir='ltr'><strong><em>Γ,</em></strong></span> <span class='ocrx_word' id='word_1_184' title='bbox 1081 1892 1173 1947; x_wconf 85' lang='grc' dir='ltr'><strong><em>καὶ</em></strong></span> <span class='ocrx_word' id='word_1_185' title='bbox 1221 1890 1315 1948; x_wconf 81' lang='grc' dir='ltr'><strong><em>διὰ</em></strong></span> <span class='ocrx_word' id='word_1_186' title='bbox 1360 1895 1462 1948; x_wconf 87' lang='grc' dir='ltr'><strong><em>τοῦ</em></strong></span> <span class='ocrx_word' id='word_1_187' title='bbox 1509 1897 1564 1948; x_wconf 94' lang='grc' dir='ltr'>Γ</span> <span class='ocrx_word' id='word_1_188' title='bbox 1601 1890 1762 1964; x_wconf 82' lang='grc' dir='ltr'><strong><em>ἤχθω</em></strong></span> <span class='ocrx_word' id='word_1_189' title='bbox 1807 1913 1891 1956; x_wconf 74' lang='grc' dir='ltr'><strong><em>τις</em></strong></span> 
     </span>
     <span class='ocr_line' id='line_1_21' title="bbox 98 1976 1891 2053; baseline 0.001 -19"><span class='ocrx_word' id='word_1_190' title='bbox 98 2002 158 2042; x_wconf 81' lang='lat'><strong><em>20</em></strong></span> <span class='ocrx_word' id='word_1_191' title='bbox 190 1977 386 2035; x_wconf 78' lang='grc' dir='ltr'><strong><em>εὐθεῖα</em></strong></span> <span class='ocrx_word' id='word_1_192' title='bbox 433 1978 467 2051; x_wconf 81' lang='grc' dir='ltr'>ἡ</span> <span class='ocrx_word' id='word_1_193' title='bbox 509 1986 691 2036; x_wconf 90' lang='grc' dir='ltr'><strong><em>ΔΓΕ.</em></strong></span> <span class='ocrx_word' id='word_1_194' title='bbox 768 1983 937 2052; x_wconf 86' lang='grc' dir='ltr'><strong><em>λέγω,</em></strong></span> <span class='ocrx_word' id='word_1_195' title='bbox 987 1980 1072 2037; x_wconf 81' lang='grc' dir='ltr'><strong><em>ὅτι</em></strong></span> <span class='ocrx_word' id='word_1_196' title='bbox 1119 1976 1212 2052; x_wconf 71' lang='grc' dir='ltr'><strong><em>Ιἴση</em></strong></span> <span class='ocrx_word' id='word_1_197' title='bbox 1254 1981 1404 2036; x_wconf 82' lang='grc' dir='ltr'><strong><em>ἐστὶν</em></strong></span> <span class='ocrx_word' id='word_1_198' title='bbox 1445 1979 1476 2051; x_wconf 60' lang='grc' dir='ltr'><em>ἱ</em></span> <span class='ocrx_word' id='word_1_199' title='bbox 1519 1985 1629 2036; x_wconf 90' lang='grc' dir='ltr'><strong><em>ΓΔ</em></strong></span> <span class='ocrx_word' id='word_1_200' title='bbox 1667 1983 1732 2053; x_wconf 82' lang='grc' dir='ltr'><strong><em>τῇ</em></strong></span> <span class='ocrx_word' id='word_1_201' title='bbox 1773 1984 1891 2036; x_wconf 90' lang='grc' dir='ltr'><strong><em>ΓΕ.</em></strong></span> 
     </span>
    </p>
   </div>
   <div class='ocr_carea' id='block_1_4' title="bbox 307 2584 335 2603">
    <p class='ocr_par' dir='ltr' id='par_1_6' title="bbox 307 2584 335 2603">
     <span class='ocr_line' id='line_1_22' title="bbox 307 2584 335 2603; baseline 0 0"><span class='ocrx_word' id='word_1_202' title='bbox 307 2584 335 2603; x_wconf 70' lang='lat' dir='ltr'><strong><em>’l</em></strong></span> 
     </span>
    </p>
   </div>
   <div class='ocr_carea' id='block_1_5' title="bbox 189 2583 1892 2746">
    <p class='ocr_par' dir='ltr' id='par_1_7' title="bbox 189 2583 1892 2746">
     <span class='ocr_line' id='line_1_23' title="bbox 299 2583 1892 2658; baseline -0.001 -17"><span class='ocrx_word' id='word_1_203' title='bbox 299 2594 571 2658; x_wconf 82' lang='grc' dir='ltr'><strong><em>ηχθωσαν</em></strong></span> <span class='ocrx_word' id='word_1_204' title='bbox 617 2583 725 2656; x_wconf 85' lang='grc' dir='ltr'><strong><em>γὰρ</em></strong></span> <span class='ocrx_word' id='word_1_205' title='bbox 770 2587 1115 2656; x_wconf 80' lang='grc' dir='ltr'><strong><em>τεταγμένως</em></strong></span> <span class='ocrx_word' id='word_1_206' title='bbox 1167 2589 1229 2640; x_wconf 78' lang='grc' dir='ltr'><strong><em>αἱ</em></strong></span> <span class='ocrx_word' id='word_1_207' title='bbox 1265 2592 1401 2656; x_wconf 90' lang='grc' dir='ltr'><strong><em>ΔΖ,</em></strong></span> <span class='ocrx_word' id='word_1_208' title='bbox 1435 2591 1561 2642; x_wconf 91' lang='grc' dir='ltr'><strong><em>ΕΗ.</em></strong></span> <span class='ocrx_word' id='word_1_209' title='bbox 1638 2586 1730 2640; x_wconf 82' lang='grc' dir='ltr'><strong><em>καὶ</em></strong></span> <span class='ocrx_word' id='word_1_210' title='bbox 1770 2586 1892 2640; x_wconf 82' lang='grc' dir='ltr'><strong><em>ἐπεί</em></strong></span> 
     </span>
     <span class='ocr_line' id='line_1_24' title="bbox 189 2669 1885 2746; baseline -0.001 -17"><span class='ocrx_word' id='word_1_211' title='bbox 189 2675 339 2731; x_wconf 82' lang='grc' dir='ltr'><strong><em>ἐστιν</em></strong></span> <span class='ocrx_word' id='word_1_212' title='bbox 387 2672 460 2740; x_wconf 80' lang='grc' dir='ltr'><strong><em>ὡς</em></strong></span> <span class='ocrx_word' id='word_1_213' title='bbox 505 2672 568 2729; x_wconf 90' lang='grc' dir='ltr'><strong><em>τὸ</em></strong></span> <span class='ocrx_word' id='word_1_214' title='bbox 614 2670 723 2728; x_wconf 77' lang='grc' dir='ltr'><strong><em>ὑπὸ</em></strong></span> <span class='ocrx_word' id='word_1_215' title='bbox 764 2678 929 2728; x_wconf 93' lang='grc' dir='ltr'><strong><em>ΒΖΑ</em></strong></span> <span class='ocrx_word' id='word_1_216' title='bbox 976 2672 1114 2746; x_wconf 81' lang='grc' dir='ltr'><strong><em>πρὸς</em></strong></span> <span class='ocrx_word' id='word_1_217' title='bbox 1159 2674 1221 2730; x_wconf 91' lang='grc' dir='ltr'><strong><em>τὸ</em></strong></span> <span class='ocrx_word' id='word_1_218' title='bbox 1273 2672 1380 2729; x_wconf 84' lang='grc' dir='ltr'><strong><em>ἀπὸ</em></strong></span> <span class='ocrx_word' id='word_1_219' title='bbox 1423 2679 1558 2743; x_wconf 90' lang='grc' dir='ltr'><strong><em>ΖΔ,</em></strong></span> <span class='ocrx_word' id='word_1_220' title='bbox 1605 2669 1639 2743; x_wconf 84' lang='grc' dir='ltr'><em>ἡ</em></span> <span class='ocrx_word' id='word_1_221' title='bbox 1679 2677 1885 2744; x_wconf 81' lang='grc' dir='ltr'><strong><em>πλαγία</em></strong></span> 
     </span>
    </p>
   </div>
   <div class='ocr_carea' id='block_1_6' title="bbox 187 2774 545 2781">
    <p class='ocr_par' dir='ltr' id='par_1_8' title="bbox 187 2774 545 2781">
     <span class='ocr_line' id='line_1_25' title="bbox 187 2774 545 2781; baseline 0 0"><span class='ocrx_word' id='word_1_222' title='bbox 187 2774 545 2781; x_wconf 95' lang='lat' dir='ltr'><strong><em> </em></strong></span> 
     </span>
    </p>
   </div>
   <div class='ocr_carea' id='block_1_7' title="bbox 250 2816 1881 2939">
    <p class='ocr_par' dir='ltr' id='par_1_9' title="bbox 250 2816 1881 2939">
     <span class='ocr_line' id='line_1_26' title="bbox 309 2816 1881 2879; baseline -0.001 -12"><span class='ocrx_word' id='word_1_223' title='bbox 309 2828 350 2868; x_wconf 89' lang='grc'><strong><em>6.</em></strong></span> <span class='ocrx_word' id='word_1_224' title='bbox 385 2818 503 2866; x_wconf 81' lang='grc' dir='ltr'><strong><em>οἷλλά</em></strong></span> <span class='ocrx_word' id='word_1_225' title='bbox 538 2847 594 2854; x_wconf 92' lang='grc'><strong>-</strong></span> <span class='ocrx_word' id='word_1_226' title='bbox 630 2826 670 2866; x_wconf 80' lang='grc'><strong><em>7.</em></strong></span> <span class='ocrx_word' id='word_1_227' title='bbox 704 2816 901 2879; x_wconf 83' lang='grc' dir='ltr'><strong><em>ὀρθίαν]</em></strong></span> <span class='ocrx_word' id='word_1_228' title='bbox 936 2833 1025 2865; x_wconf 91' lang='lat' dir='ltr'><strong><em>om.</em></strong></span> <span class='ocrx_word' id='word_1_229' title='bbox 1052 2821 1116 2875; x_wconf 91' lang='lat' dir='ltr'><strong><em>V;</em></strong></span> <span class='ocrx_word' id='word_1_230' title='bbox 1157 2835 1273 2866; x_wconf 83' lang='lat' dir='ltr'><strong>corr.</strong></span> <span class='ocrx_word' id='word_1_231' title='bbox 1306 2821 1510 2874; x_wconf 80' lang='lat' dir='ltr'>Memus;</span> <span class='ocrx_word' id='word_1_232' title='bbox 1544 2820 1627 2865; x_wconf 84' lang='lat' dir='ltr'><strong>cfr.</strong></span> <span class='ocrx_word' id='word_1_233' title='bbox 1660 2834 1704 2876; x_wconf 87' lang='lat' dir='ltr'><strong><em>p.</em></strong></span> <span class='ocrx_word' id='word_1_234' title='bbox 1739 2825 1807 2874; x_wconf 81' lang='lat'><strong><em>92,</em></strong></span> <span class='ocrx_word' id='word_1_235' title='bbox 1841 2823 1881 2865; x_wconf 91' lang='lat'><strong><em>1.</em></strong></span> 
     </span>
     <span class='ocr_line' id='line_1_27' title="bbox 250 2876 1881 2939; baseline -0.001 -14"><span class='ocrx_word' id='word_1_236' title='bbox 250 2886 318 2925; x_wconf 93' lang='lat'><strong><em>10.</em></strong></span> <span class='ocrx_word' id='word_1_237' title='bbox 351 2877 470 2939; x_wconf 75' lang='grc' dir='ltr'>ἀπό]</span> <span class='ocrx_word' id='word_1_238' title='bbox 504 2881 610 2937; x_wconf 88' lang='lat' dir='ltr'><strong>(pr.)</strong></span> <span class='ocrx_word' id='word_1_239' title='bbox 641 2877 737 2924; x_wconf 76' lang='grc' dir='ltr'><strong><em>ὑπό</em></strong></span> <span class='ocrx_word' id='word_1_240' title='bbox 768 2878 832 2935; x_wconf 90' lang='lat' dir='ltr'><strong><em>V;</em></strong></span> <span class='ocrx_word' id='word_1_241' title='bbox 866 2892 982 2925; x_wconf 86' lang='lat' dir='ltr'>corr.</span> <span class='ocrx_word' id='word_1_242' title='bbox 1015 2895 1060 2937; x_wconf 89' lang='lat' dir='ltr'><strong><em>p.</em></strong></span> <span class='ocrx_word' id='word_1_243' title='bbox 1194 2883 1264 2924; x_wconf 86' lang='lat'><strong><em>14.</em></strong></span> <span class='ocrx_word' id='word_1_244' title='bbox 1296 2876 1362 2939; x_wconf 84' lang='grc' dir='ltr'><strong><em>λ’]</em></strong></span> <span class='ocrx_word' id='word_1_245' title='bbox 1395 2894 1442 2936; x_wconf 86' lang='lat' dir='ltr'><strong><em>p,</em></strong></span> <span class='ocrx_word' id='word_1_246' title='bbox 1475 2892 1565 2923; x_wconf 91' lang='lat' dir='ltr'><strong><em>om.</em></strong></span> <span class='ocrx_word' id='word_1_247' title='bbox 1596 2878 1654 2934; x_wconf 84' lang='lat' dir='ltr'><strong><em>V,</em></strong></span> <span class='ocrx_word' id='word_1_248' title='bbox 1685 2893 1745 2923; x_wconf 87' lang='lat' dir='ltr'><strong><em>m.</em></strong></span> <span class='ocrx_word' id='word_1_249' title='bbox 1780 2883 1806 2922; x_wconf 85' lang='lat'><strong>2</strong></span> <span class='ocrx_word' id='word_1_250' title='bbox 1837 2894 1881 2924; x_wconf 86' lang='lat' dir='ltr'><strong><em>v.</em></strong></span> 
     </span>
    </p>
   </div>
  </div>
 </body>
</html>
