1982 3178
670 131 1023 175 comooRUM
1053 132 1235 173 LIBER
1264 132 1300 175 1.
1557 162 1561 182 2
1754 128 1825 181 69

905 293 1078 348 XVII.

259 398 315 453 Si
365 400 424 452 in
470 400 704 453 sectione
750 399 871 453 coni
919 417 950 451 a
994 398 1195 450 uertice
1241 396 1417 449 lineae
1463 398 1610 450 recta
1654 399 1831 450 rectae

150 487 396 543 ordinate
420 488 610 542 ductae
633 487 898 557 parallela
921 486 1148 555 ducitur,
1171 488 1322 538 extra
1347 485 1639 539 sectionem
1664 485 1832 538 cadet.

258 577 330 630 sit
381 578 502 631 coni
555 576 748 646 sectio,
803 576 952 629 cuius
1008 574 1299 627 diametrus
1356 574 1427 626 sit
1480 577 1603 627 AB.
1697 573 1832 644 dico,

144 668 347 720 rectam
386 684 418 719 a
454 666 673 735 uertice,
709 665 812 718 hoc
851 668 934 717 est
973 682 1004 717 a
1038 666 1238 733 puncto
1270 667 1337 732 A,
1377 665 1555 715 rectae
1587 662 1831 716 ordinate

148 755 337 809 ductae
374 754 691 824 parallelam
729 753 943 806 ductam
983 755 1135 805 extra
1174 751 1468 805 sectionem
1507 751 1709 804 cadere.

255 861 379 896 nam
421 842 467 895 si
503 843 619 896 fieri
657 845 854 911 potest,
892 842 1038 894 intra
1076 840 1234 894 cadat
1270 843 1332 893 ut
1371 842 1491 892 ΑΓ.
1552 841 1663 892 iam
1701 857 1832 908 quo-

145 933 293 985 niam
339 933 395 984 in
442 931 563 985 coni
607 931 842 985 sectione
882 932 1156 999 sumptum
1195 932 1278 982 est
1314 931 1574 999 punctum
1614 928 1833 996 aliquod

944 1021 1010 1087 Γ,
1064 1021 1211 1071 recta
1266 1037 1297 1070 a
1342 1020 1395 1070 Γ
1440 1020 1638 1086 puncto
1688 1018 1835 1070 intra

769 1111 828 1150 Γ
945 1107 1236 1160 sectionem
1277 1106 1434 1159 ducta
1477 1109 1654 1158 rectae
1694 1105 1835 1159 ordi-

943 1198 1069 1247 nate
1140 1195 1327 1248 ductae
1389 1194 1652 1263 parallela
1713 1212 1835 1246 cum

945 1283 1206 1336 diametro
1234 1287 1339 1335 AB
1373 1284 1654 1336 concurret
1685 1284 1739 1334 et
1767 1281 1833 1333 ab

945 1390 1008 1424 ea
1061 1372 1120 1424 in
1168 1372 1299 1424 duas
1347 1374 1528 1440 partes
1585 1370 1835 1439 aequales

503 1473 545 1519 A
777 1477 830 1516 B
946 1461 1214 1513 secabitur
1249 1463 1419 1529 [prop.
1446 1458 1593 1525 VII].
1653 1458 1835 1526 itaque

945 1553 997 1600 A
1007 1551 1059 1600 Γ
1090 1549 1352 1616 producta
1384 1548 1451 1600 ab
1478 1550 1586 1599 AB
1618 1546 1676 1598 in
1701 1545 1833 1598 duas

945 1639 1124 1704 partes
1212 1637 1459 1705 aequales
1540 1634 1831 1703 secabitur3

946 1725 1088 1794 quod
1134 1725 1250 1777 fieri
1295 1743 1404 1777 non
1452 1726 1655 1792 postet3
1712 1740 1832 1791 pro-

948 1814 1106 1866 ducta
1137 1813 1278 1865 enim
1311 1815 1425 1866 ΑΓ
1457 1815 1611 1864 extra
1646 1810 1834 1863 sectio-

148 1920 274 1955 nem
307 1901 451 1955 cadit
484 1902 658 1970 [prop.
684 1899 774 1967 X].
836 1901 1019 1971 itaque
1051 1905 1195 1954 recta
1232 1902 1297 1954 ab
1331 1906 1383 1953 A
1421 1903 1619 1970 puncto
1658 1901 1835 1952 rectae

149 1990 392 2044 ordinate
424 1989 613 2042 ductae
643 1989 903 2059 parallela
927 1989 1085 2043 ducta
1114 1989 1261 2042 intra
1289 1990 1488 2042 lineam
1521 2006 1630 2045 non
1663 1988 1836 2041 cadet.

151 2096 280 2150 ergo
322 2081 473 2131 extra
512 2077 686 2146 cadet3
727 2096 891 2147 quare
932 2079 1222 2131 sectionem
1262 2077 1542 2147 contingit.

890 2267 1093 2322 XVIII.

261 2371 318 2426 Si
362 2374 511 2425 recta
557 2389 677 2424 cum
723 2372 846 2424 coni
892 2372 1124 2424 sectione
1172 2389 1492 2424 concurrens
1536 2370 1592 2422 in
1629 2372 1831 2422 utram-

150 2478 251 2530 que
297 2462 505 2529 partem
550 2459 810 2528 producta
856 2463 1008 2512 extra
1051 2460 1344 2513 sectionem
1384 2459 1546 2527 cadit,
1594 2461 1647 2510 et
1685 2458 1829 2510 intra

150 2549 443 2601 sectionem
481 2550 739 2616 punctum
781 2547 995 2617 aliquod
1028 2548 1270 2616 sumitur,
1311 2552 1365 2600 et
1394 2566 1489 2615 per
1519 2546 1622 2599 hoc
1652 2538 1827 2598 rectae

150 2637 481 2690 concurrenti
519 2636 777 2704 parallela
815 2635 1026 2688 ducitur
1064 2639 1232 2706 recta,
1275 2639 1421 2688 recta
1458 2636 1537 2686 ita
1575 2634 1734 2686 ducta
1771 2635 1827 2687 in

149 2727 434 2794 utramque
473 2727 684 2794 partem
722 2724 983 2792 producta
1022 2742 1141 2776 cum
1182 2724 1414 2777 sectione
1455 2725 1745 2775 concurret.

262 2813 333 2866 sit
378 2813 499 2865 coni
545 2811 709 2864 sectio
754 2814 807 2863 et
844 2829 965 2864 cum
1005 2830 1066 2864 ea
1105 2828 1420 2864 concurrens
1461 2812 1608 2862 recta
1646 2812 1827 2877 AZB,

150 2903 204 2954 et
233 2900 291 2953 in
319 2902 602 2969 utramque
633 2901 842 2968 partem
871 2900 1130 2969 producta
1162 2902 1310 2952 extra
1343 2898 1631 2951 sectionem
1655 2897 1827 2966 cadat,
