2028 3146
141 1020 194 1060 10

230 77 336 131 168
890 77 1167 122 ΚΩΝῙΚῼΝ
1199 74 1265 122 α’.

227 195 290 253 τὸ
340 197 402 253 ἐν
448 198 524 272 τῷ
565 202 729 252 ΑΖΒ
777 195 851 269 μὴ
901 200 1125 268 μείζονα
1164 195 1338 268 λόγον
1379 200 1523 268 ἔχειν
1562 199 1665 253 τοῦ
1705 193 1773 253 ὃν
1812 199 1921 269 ἔχει

227 283 261 357 ἡ
310 291 420 341 ΑΒ
466 285 604 358 πρὸς
650 291 780 358 ΒΓ,
831 286 925 341 καὶ
971 284 1264 358 τετμήσθω
1313 283 1347 357 ἡ
1394 291 1559 341 ΑΕΒ
1608 289 1735 358 δίχα
1780 284 1919 342 κατὰ

227 375 290 432 τὸ
331 382 405 447 Ε,
453 376 544 432 καὶ
590 373 750 449 ’ἤχθω
799 373 899 432 ἆπὲ
953 378 1056 432 τοῦ
1096 381 1149 431 Ε
1193 375 1280 431 ἐπὶ
1318 374 1421 446 τὴν
1461 381 1570 431 ΑΒ
1609 373 1847 441 κάθετος
1884 374 1919 447 ἡ

228 471 337 520 ΕΚ
379 464 471 520 καὶ
512 464 870 537 ἐκβεβλήσθω
912 465 1000 520 ἐπὶ
1037 462 1098 520 τὸ
1141 470 1211 520 Λ·
1291 464 1584 537 διάμετρος
1622 462 1730 535 ἄρα
1770 464 1920 520 ἐστὶν

227 554 261 626 ἡ
296 560 418 610 ΕΛ.
490 557 541 610 εἰ
578 554 681 627 μὲν
722 548 827 611 οὖν
867 556 1035 625 ἐστιν,
1078 551 1153 620 ὡς
1191 551 1225 625 ἡ
1259 560 1367 610 ΑΒ
1405 555 1543 626 πρὸς
1574 558 1701 624 ΒΓ,
1739 551 1774 625 ἡ
1808 559 1923 611 ΕΚ

226 642 365 716 πρὸς
404 649 543 714 ΚΛ,
589 646 664 718 τῷ
704 648 756 698 Λ
802 639 873 698 ἂν
917 642 1301 715 ἐχρησάμεθα,
1350 646 1400 698 εἰ
1439 643 1500 699 δὲ
1539 641 1633 715 μή,
1673 644 1920 714 γινέσθω

228 731 304 798 ὥς
349 730 383 804 ἡ
426 739 536 788 ΑΒ
582 731 723 804 πρὸς
762 737 889 803 ΒΓ,
937 730 971 803 ἡ
1016 738 1128 787 ΕΚ
1170 731 1311 806 πρὸς
1357 732 1634 789 ἐλάσσονα
1671 735 1770 804 τῆς
1807 736 1923 787 ΚΛ

226 821 329 894 τὴν
370 827 523 894 ΚΜ,
571 821 662 878 καὶ
711 823 805 877 διὰ
850 831 954 878 τοῦ
994 827 1068 877 Μ
1103 824 1170 896 τῇ
1209 821 1716 894 ΑΒ’παράλληλος
1761 819 1920 893 ἤχθω

227 910 261 983 ἡ
300 917 448 983 ΜΖ,
495 911 588 966 καὶ
628 910 1049 983 ἐπεζεύχθωσαν
1089 913 1150 966 αὗ
1185 914 1319 982 ΑΖ,
1359 918 1487 983 ΕΖ,
1528 917 1656 982 ΖΒ,
1695 909 1788 966 καὶ
1828 913 1923 966 δια

227 1009 328 1057 τοῦ
367 1007 415 1056 Β
455 1003 520 1074 τῇ
563 1006 669 1056 ΖΕ
703 1000 1055 1072 παράλληλος
1093 998 1127 1072 ἡ
1160 1002 1275 1064 ΒΞ.
1339 1001 1454 1057 ἐπεὶ
1495 994 1600 1057 οὖν
1641 1006 1732 1071 ἴση
1773 999 1923 1056 ἐστὶν

230 1087 264 1161 ἡ
314 1087 423 1146 ὑπὸ
474 1095 644 1144 ΑΖΕ
685 1093 864 1161 γωνιά
909 1092 975 1162 τῇ
1021 1087 1130 1145 ὑπὸ
1174 1095 1362 1161 ΕΖΒ,
1410 1087 1532 1145 ἀλλ’
1584 1086 1618 1161 ἡ
1666 1088 1768 1160 μὲν
1813 1086 1922 1145 ὑπὸ

229 1185 402 1235 ΑΖΕ
444 1182 511 1252 τῇ
558 1176 667 1235 ὑπὸ
719 1180 880 1242 ΑΞΒ
932 1181 1082 1235 ἐστιν
1131 1186 1249 1250 ἴση,
1297 1177 1332 1251 ἡ
1381 1178 1442 1235 δὲ
1487 1177 1596 1234 ὑπὸ
1649 1183 1809 1234 ΕΖΒ
1855 1180 1922 1252 τῇ

228 1266 339 1324 ὑπὸ
387 1270 546 1331 ΞΒΖ
594 1270 744 1325 ἐστιν
791 1276 909 1340 ἴση,
963 1268 1056 1323 καὶ
1103 1265 1137 1340 ἡ
1185 1266 1294 1324 ὑπὸ
1342 1270 1499 1331 ΞΒΖ
1546 1267 1655 1340 ἄρα
1699 1270 1766 1341 τῇ
1812 1265 1921 1324 ὑπὸ

230 1358 386 1420 ΖΞΒ
426 1359 576 1414 ἐστιν
618 1364 732 1429 ἴση·
796 1364 887 1429 ἴση
928 1355 1037 1428 ἄρα
1075 1358 1168 1413 καὶ
1200 1354 1233 1429 ἡ
1269 1363 1370 1413 ΖΒ
1401 1360 1466 1431 τῇ
1501 1359 1614 1420 ΖΞ.
1676 1361 1921 1412 νοείσθω

146 1466 199 1506 15
231 1449 431 1517 κῶνος,
473 1447 541 1502 οὐ
579 1444 800 1519 κορυφὴ
841 1446 943 1518 μὲν
983 1446 1045 1502 τὸ
1082 1452 1127 1501 Ζ
1160 1461 1409 1518 σημεῖον,
1450 1445 1611 1518 βάσις
1643 1445 1705 1502 δὲ
1737 1443 1766 1502 ὃ
1798 1446 1924 1517 περὶ

139 1911 196 1950 20

229 1534 332 1608 τὴν
379 1538 487 1599 ΒΞ
531 1534 831 1607 διάμετρον
879 1534 1083 1601 κύκλος
1130 1534 1306 1608 ὀρθὸς
1353 1531 1433 1591 ω”ν
1478 1534 1617 1608 πρὸς
1661 1533 1723 1591 τὸ
1765 1537 1929 1598 ΒΖΞ

227 1629 527 1696 τρίγωνον·
607 1629 758 1681 ἔσται
799 1623 867 1696 δὴ
912 1622 940 1680 ὅ
981 1628 1163 1690 κῶνος
1202 1623 1399 1695 ὀρθός·
1475 1632 1566 1696 ἴση
1605 1622 1711 1697 γὰρ
1751 1622 1786 1697 ἡ
1820 1631 1922 1680 ΖΒ

226 1717 293 1788 τῇ
343 1715 457 1777 ΖΞ.
543 1713 1012 1786 ἐκβεβλήσθωσαν
1059 1713 1126 1785 δὴ
1177 1716 1238 1769 αἱ
1280 1720 1410 1784 ΒΖ,
1459 1715 1583 1784 ΖΞ,
1632 1719 1777 1784 MZ,
1830 1714 1922 1769 καὶ

227 1802 521 1874 τετμήσθω
563 1801 592 1859 ὁ
626 1806 806 1868 κῶνος
838 1804 1075 1878 ἐπιπέδῳ
1107 1802 1441 1877 παραλλήλῳ
1474 1806 1549 1877 τῷ
1582 1804 1690 1867 ΒΞ
1715 1802 1923 1879 κύκλῳ·

230 1895 382 1947 ἔσται
431 1890 499 1962 δὴ
548 1889 581 1962 ἡ
629 1890 768 1963 τομὴ
809 1890 1024 1956 κύκλος.
1102 1896 1238 1946 ἔστω
1281 1889 1310 1946 ὁ
1348 1897 1413 1945 H
1421 1897 1547 1946 ΠΡ·
1626 1889 1765 1947 ὥστε
1805 1890 1923 1947 διά-

230 2002 427 2054 μετρος
474 1984 624 2036 ἔσται
670 1983 771 2036 τοῦ
817 1980 1027 2035 κύκλου
1066 1977 1099 2051 ἡ
1142 1983 1271 2036 ΗΘ.
1347 1977 1507 2051 κοινὴ
1542 1978 1603 2036 δὲ
1640 1979 1779 2052 τομὴ
1820 1985 1921 2037 τοῦ

228 2076 342 2126 ΗΘ
395 2068 605 2126 κύκλου
660 2069 752 2125 καὶ
806 2072 907 2144 τοῦ
962 2067 1334 2141 ὑποκειμένου
1393 2070 1656 2125 ἐπιπέδου
1703 2073 1841 2125 ἔστω
1887 2067 1922 2140 ἡ

229 2165 422 2215 ΠΛΡ·
486 2163 637 2215 ἔσται
671 2157 739 2230 δὴ
772 2156 806 2229 ἡ
840 2164 1008 2214 ΠΛΡ
1024 2146 1168 2231 νπρὸς
1200 2159 1463 2230 ἑκατέραν
1494 2161 1609 2214 τῶν
1639 2163 1776 2229 ΗΘ,
1810 2165 1921 2214 ΔΒ

231 2248 402 2322 ὀρθή·
464 2247 721 2321 ἑκάτερος
758 2246 863 2319 γὰρ
903 2252 1016 2304 τῶν
1049 2250 1177 2319 ΞΒ,
1210 2254 1325 2303 ΘΗ
1360 2248 1562 2314 κύκλος
1601 2245 1777 2320 ὀρθός
1808 2249 1923 2303 ἐστι

172 2359 197 2398 5
231 2337 371 2410 πρὸς
409 2336 470 2394 τὸ
515 2343 683 2393 ΖΗΘ
720 2342 1026 2409 τρίγωνον,
1067 2342 1182 2393 ἔστι
1222 2336 1283 2393 δὲ
1321 2337 1413 2392 καὶ
1451 2335 1513 2392 τὸ
1557 2334 1922 2408 ὑποκείμενον

231 2429 494 2483 ἐπίπεδον
551 2424 732 2499 ὀρθὸν
786 2425 925 2498 πρὸς
977 2425 1039 2482 τὸ
1087 2432 1276 2482 ΖΗΘ·
1363 2426 1452 2481 καὶ
1508 2422 1542 2497 ἡ
1596 2424 1758 2496 κοινὴ
1812 2423 1923 2498 ἄρα

232 2515 419 2572 αὐτῶν
466 2516 606 2588 τομὴ
655 2513 689 2587 ἡ
731 2522 911 2571 ΠΛΡ
945 2513 1091 2587 ὀρθή
1134 2518 1247 2572 ἐστι
1285 2514 1424 2588 πρὸς
1460 2513 1523 2570 τὸ
1566 2520 1753 2570 ΖΗΘ·
1828 2514 1921 2569 καὶ

230 2604 370 2676 πρὸς
423 2604 603 2670 πάσας
656 2605 767 2677 ἄρα
820 2602 918 2669 τὰς
973 2603 1283 2676 ἁπτομένας
1337 2602 1507 2675 αὐτῆς
1561 2601 1783 2668 εὐθείας
1828 2603 1920 2658 καὶ

233 2692 402 2759 οὔσας
449 2695 509 2749 ἐν
549 2696 624 2768 τῷ
666 2690 813 2770 αὐτῷ
855 2694 1091 2768 ἐπιπέδῳ
1134 2691 1313 2766 ὀρθὰς
1351 2703 1500 2748 ποιεῖ
1534 2696 1753 2762 γωνίας.
1828 2692 1921 2746 καὶ

355 2832 393 2872 1.
443 2828 637 2884 μείζονα
675 2823 836 2886 λόγον]
875 2842 930 2884 p,
985 2828 1143 2884 μεῖζον
1183 2823 1418 2883 ἀνάλογον
1458 2824 1521 2877 V;
1578 2838 1692 2870 corr.
1726 2840 1757 2870 v
1798 2825 1864 2882 (in
1903 2842 1921 2868 ι

234 2885 556 2931 circumflexus
588 2887 636 2931 in
669 2888 856 2932 acutum
886 2887 999 2930 mut.
1032 2900 1091 2931 m.
1129 2887 1182 2943 1).
1339 2890 1408 2930 17.
1449 2884 1557 2942 ΖΒ]
1591 2898 1639 2943 c,
1677 2887 1714 2928 Β
1747 2898 1770 2929 e
1805 2897 1920 2931 corr.
