1942 3172
90 1025 144 1065 10

86 1471 140 1512 15

84 1917 141 1958 20

83 2363 140 2403 25

175 90 212 141 4
835 91 1115 135 ΚΩΝΙΚΩΝ
1145 87 1210 139 α’.

175 210 415 282 τέσσαρα
454 211 736 265 πέπτωκεν
775 213 854 276 είς
891 206 1119 282 ἀγωγὴν
1152 211 1499 285 στοιχειώδη,
1539 209 1776 286 περιέχει
1809 213 1871 271 δὲ

175 296 238 353 τὸ
275 297 376 369 μὲν
408 308 632 369 πρῶτον
663 296 761 364 τὰς
790 300 1035 370 γενέσεις
1065 302 1179 355 τῶν
1210 304 1382 373 τριῶν
1414 305 1603 374 τομῶν
1634 303 1727 358 καὶ
1758 306 1870 359 τῶν

177 385 576 459 ἀντικειμένων
598 387 690 442 καὶ
721 385 787 442 τὰ
821 390 881 443 ἐν
914 386 1112 454 αὐταῖς
1143 388 1341 461 ἀρχικά
1376 390 1750 463 συμπτώματα
1783 392 1871 448 ἐπὶ

175 477 345 532 πλέον
385 478 477 532 καὶ
516 476 770 533 καθόλου
809 481 1024 549 μᾶλλον
1060 480 1468 551 ἐξειργασμένα·
1482 479 1630 552 παρὰ
1662 478 1727 536 τὰ
1759 478 1869 538 ὑπὸ

176 569 289 621 τῶν
329 565 516 622 ἄλλων
563 567 937 638 γεγραμμένα,
987 569 1048 622 τὸ
1094 567 1156 622 δὲ
1197 567 1460 640 δεύτερον
1500 567 1567 625 τὰ
1608 570 1734 641 περὶ
1772 569 1872 637 τὰς
1938 643 1940 646 Ι

175 656 506 728 διαμέτρους
551 655 643 711 καὶ
686 656 818 734 τοὺς
856 655 1061 723 ἄξονας
1106 660 1219 712 τῶν
1258 661 1446 729 τομῶν
1486 663 1871 731 συμβαίνοντα
1939 663 1942 670 '

173 745 266 799 καὶ
303 744 402 811 τὰς
440 742 841 816 ἀσυμπτῶτους
875 746 967 800 καὶ
1001 744 1143 801 ἄλλα
1173 746 1402 819 γενικὴν
1433 748 1526 803 καὶ
1558 746 1870 820 ἀναγκαίαν

173 838 368 906 χρείαν
415 834 766 906 παρεχόμενα
821 834 961 907 πρὸς
1007 834 1138 901 τοὺς
1186 837 1536 909 διορισμούς·
1604 843 1761 904 τίνας
1807 838 1871 894 δὲ

176 925 506 996 διαμέτρους
544 924 636 979 καὶ
671 930 825 990 τίνας
858 924 1062 992 ἄξονας
1092 928 1261 997 καλῶ,
1302 925 1544 998 εἰδήσεις
1576 928 1635 983 ἐκ
1664 926 1870 984 τούτου

176 1016 276 1069 τοῦ
317 1017 555 1084 βιβλίου.
624 1012 686 1069 τὸ
729 1013 791 1069 δὲ
828 1019 1021 1086 τρίτον
1060 1013 1238 1070 πολλὰ
1276 1016 1367 1070 καὶ
1399 1015 1692 1087 παράδοξα
1729 1025 1869 1072 θεω-

174 1101 391 1174 ρήματα
431 1101 672 1175 χρήσιμα
718 1102 857 1175 πρός
894 1125 952 1159 τε
998 1102 1095 1169 τὰς
1135 1106 1431 1170 συνθέσεις
1477 1108 1590 1161 τῶν
1630 1109 1869 1177 στερεῶν

173 1190 363 1247 τόπων
388 1192 482 1246 καὶ
507 1189 637 1257 τοὺς
662 1192 1017 1264 διορισμούς,
1043 1185 1124 1248 ῶν
1147 1191 1214 1248 τὰ
1240 1200 1467 1249 πλεῖστα
1490 1194 1582 1249 καὶ
1605 1194 1871 1252 κάλλιστα

174 1282 319 1351 ξένα,
354 1278 388 1334 ἃ
415 1282 507 1337 καὶ
533 1281 977 1353 κατανοήσαντες
1004 1287 1336 1355 συνείδομεν
1362 1282 1435 1355 μὴ
1464 1286 1870 1356 συντιθέμενον

172 1367 282 1426 ὑπὸ
325 1367 641 1426 Εὐκλείδου
686 1370 785 1427 τὸν
834 1372 921 1427 ἐπὶ
970 1383 1116 1445 τρεῖς
1166 1373 1258 1427 καὶ
1304 1374 1574 1446 τέσσαρας
1616 1373 1871 1446 γραμμὰς

172 1459 374 1530 τόπον,
431 1458 570 1515 ἀλλὰ
621 1459 822 1534 μόριον
869 1459 931 1517 τὸ
980 1460 1151 1533 τυχὸν
1198 1459 1375 1517 αὐτοῦ
1421 1463 1514 1517 καὶ
1552 1466 1718 1519 τοῦτο
1767 1460 1871 1519 οὐκ

173 1546 437 1620 εὐτυχῶς·
509 1546 580 1604 οὐ
632 1547 739 1622 γὰρ
794 1542 866 1621 ἧν
926 1550 1171 1606 δυνατὸν
1218 1550 1356 1606 ἄνευ
1400 1554 1514 1607 τῶν
1564 1567 1868 1626 προσευρή-

172 1638 357 1709 μένων
383 1635 519 1709 ἡμῖν
543 1644 912 1710 τελειωθῆναι
938 1637 1040 1710 τὴν
1066 1639 1357 1695 σύνθεσιν.
1411 1638 1474 1696 τὸ
1503 1639 1565 1696 δὲ
1587 1642 1868 1713 τέταρτον,

171 1731 430 1798 ποσαχῶς
471 1729 534 1781 αἱ
566 1730 679 1782 τῶν
718 1727 919 1783 κῶνων
959 1729 1122 1799 τομαὶ
1162 1726 1428 1800 ἀλλήλαις
1458 1751 1515 1785 τε
1545 1730 1637 1786 καὶ
1668 1735 1735 1804 τῇ
1768 1735 1869 1788 τοῦ

172 1814 382 1871 κύκλου
405 1821 731 1891 περιφερείᾳ
765 1817 1169 1889 συμβάλλουσι,
1202 1818 1295 1872 καὶ
1326 1817 1466 1874 ἄλλα
1500 1819 1558 1874 ἐκ
1581 1824 1868 1890 περισσοῦ,

174 1896 256 1959 ῶν
304 1904 604 1975 οὐδέτερον
651 1902 761 1961 ὑπὸ
801 1910 913 1962 τῶν
960 1907 1067 1978 πρὸ
1111 1905 1270 1978 ἡμῶν
1312 1908 1633 1980 γέγραπται,
1681 1908 1869 1966 κῶνου

174 1994 312 2065 τομὴ
370 1991 404 2064 ἢ
463 1993 673 2050 κύκλου
726 1997 1047 2067 περιφέρεια
1102 1995 1239 2051 κατὰ
1289 1996 1436 2052 πόσα
1483 2010 1681 2069 σημεῖα
1736 2015 1867 2070 συμ-

171 2081 460 2152 βάλλουσι.
529 2081 596 2138 τὰ
636 2083 697 2139 δὲ
736 2084 901 2139 λοιπά
936 2087 1050 2140 ἐστι
1089 2085 1704 2159 περιουσιαστικῶτερα·
1752 2092 1866 2144 ἔστι

173 2169 278 2242 γὰρ
319 2169 380 2226 τὸ
424 2171 526 2243 μὲν
565 2173 691 2242 περὶ
736 2175 1039 2244 ἐλαχίστων
1084 2174 1175 2229 καὶ
1223 2179 1497 2246 μεγίστων
1546 2175 1633 2231 ἐπὶ
1679 2177 1867 2248 πλέον,

173 2259 235 2316 τὸ
278 2260 340 2315 δὲ
378 2261 503 2333 περὶ
545 2267 683 2315 ἴσων
723 2262 815 2316 καὶ
848 2260 1060 2333 ὁμοίων
1092 2266 1279 2318 κῶνον
1310 2272 1517 2334 τομῶν,
1556 2262 1617 2319 τὸ
1652 2264 1714 2320 δὲ
1741 2267 1866 2335 περὶ

174 2353 531 2422 διοριστικῶν
555 2350 959 2421 θεωρημάτων,
990 2350 1052 2406 τὸ
1089 2351 1150 2406 δὲ
1181 2354 1587 2423 προβλημάτων
1609 2358 1867 2411 κωνικῶν

176 2440 575 2511 διωρισμένων.
656 2438 722 2495 οὐ
770 2439 881 2511 μὴν
930 2439 1069 2495 ἀλλὰ
1117 2441 1209 2495 καὶ
1248 2440 1473 2497 πάντων
1514 2443 1866 2499 ἐκδοθέντων

174 2530 347 2594 ἔξεστι
380 2539 496 2592 τοῖς
527 2528 993 2600 περιτυγχάνουσι
1025 2534 1240 2600 κρίνειν
1273 2528 1432 2601 αὐτά,
1475 2527 1548 2595 ῶς
1579 2527 1650 2585 ἂν
1675 2531 1864 2588 αὐτῶν

174 2618 399 2682 ἕκαστος
439 2620 675 2688 αἱρῆται.
753 2615 984 2689 εὐτύχει.

295 2784 335 2824 1,
368 2779 637 2838 πέπτωκεν]
670 2794 746 2836 cp,
780 2779 994 2825 πέπτωκε
1029 2780 1083 2827 V.
1237 2788 1276 2827 5.
1310 2780 1412 2841 τάς]
1447 2778 1556 2834 τούς
1587 2782 1644 2840 V,
1675 2797 1791 2828 corr.
1815 2800 1860 2842 p.

233 2844 273 2883 9.
306 2839 413 2897 καί]
455 2840 638 2896 scripsi,
678 2837 707 2896 ἤ
739 2839 794 2884 V.
935 2846 1003 2884 13.
1045 2843 1329 2911 συνείδαμεν
1354 2841 1396 2885 V
1437 2843 1560 2899 (fort.
1594 2844 1740 2898 recte-“33
1780 2843 1862 2888 cfr.

176 2895 324 2956 εἶπα);
359 2913 473 2943 corr.
499 2914 541 2943 v.
637 2905 704 2943 17.
730 2916 845 2943 -vmv
870 2896 1147 2959 ἡμῖν-τό]
1181 2915 1263 2957 cv3
1298 2915 1429 2949 euan.
1457 2902 1512 2957 V,
1544 2915 1639 2959 rep.
1674 2916 1766 2959 mg.
1799 2918 1860 2947 m.
