1982 3178
236 67 270 120 2
275 68 307 121 6
895 69 1175 134 ΚΩΝΙΚΩΝ
1208 68 1267 116 α’.

234 191 407 260 τομῆς
444 187 507 245 τὸ
539 195 604 259 Θ,
643 190 736 245 καὶ
774 187 934 261 ἤχθω
976 188 1070 246 διὰ
1107 198 1212 246 τοῦ
1244 196 1290 246 Θ
1326 194 1393 264 τῇ
1427 197 1482 246 Δ
1493 196 1544 247 Ε
1577 189 1929 263 παράλληλος

241 275 275 348 ἡ
318 284 442 334 ΘΚ.
520 279 686 349 λέγω,
741 278 824 334 ὅτι
862 275 896 350 ἡ
937 284 1051 334 ΘΚ
1103 283 1377 350 συμβαλεῖ
1424 282 1491 353 τῇ
1541 285 1661 336 ΖΗ
1704 280 1798 336 καὶ
1851 283 1931 338 ἐκ·

236 368 554 439 βαλλομένη
581 368 684 432 ἕως
707 370 808 423 τοῦ
840 367 1031 440 ἑτέρου
1063 369 1267 441 μέρους
1289 372 1387 440 τῆς
1410 377 1466 424 Δ
1476 374 1583 424 ΖΕ
1609 373 1779 442 τομῆς
1802 372 1931 443 δίχα

231 457 576 529 τμηθήσεται
614 455 723 513 ὑπὸ
763 461 860 530 τῆς
900 463 1014 512 ΖΗ
1051 456 1292 523 εὐθείας.

172 564 198 604 5
343 547 458 603 ἐπεὶ
505 546 612 619 γὰρ
664 549 867 617 κῶνος,
924 539 993 602 οὗ
1040 545 1262 619 κορυφὴ
1310 546 1414 619 μὲν
1459 546 1521 604 τὸ
1570 555 1624 604 A
1677 559 1927 620 σημεῖον,

228 634 393 706 βάσις
448 635 510 691 δὲ
566 633 594 691 ὁ
649 640 758 691 ΒΓ
803 634 1029 706 κύκλος,
1083 636 1341 708 τέτμηται
1387 637 1627 712 ἐπιπέδῳ
1684 635 1780 693 διὰ
1825 640 1926 694 τοῦ

230 723 450 795 ἄξονος,
489 724 582 780 καὶ
621 718 773 780 ποιεῖ
806 723 982 796 τομὴν
1021 724 1083 780 τὸ
1127 731 1299 782 ΑΒΓ
1333 730 1638 798 τρίγωνον,
1678 732 1927 798 εἴληπται

231 813 298 868 δέ
325 835 377 868 τι
409 825 643 885 σημεῖον
677 814 765 870 ἐπὶ
795 817 889 884 τῆς
921 815 1268 885 ἐπιφανείας,
1308 811 1339 870 ὂ
1373 814 1447 886 μή
1480 816 1631 871 ἐστιν
1657 815 1744 871 ἐπὶ
1766 822 1926 872 πλευ-

230 906 333 974 ρᾶς
363 906 465 959 τοῦ
490 908 664 959 ΑΒΓ
688 903 986 975 τριγώνου,
1017 902 1080 959 τὸ
1114 909 1179 974 Θ,
1211 907 1309 959 καί
1335 905 1449 959 ἐστι
1478 903 1716 971 κάθετος
1745 902 1780 977 ἡ
1805 910 1930 961 ΔΗ
1979 893 1982 933 3

142 1010 199 1050 10
231 993 318 1048 ἐπὶ
365 993 468 1064 τὴν
508 998 636 1063 ΒΓ,
683 993 717 1064 ἡ
767 994 878 1064 ἄρα
926 991 1019 1049 διὰ
1067 996 1169 1048 τοῦ
1211 998 1257 1048 Θ
1303 996 1368 1066 τῇ
1410 999 1537 1049 ΔΗ
1575 992 1927 1066 παράλληλος

228 1079 496 1153 ἀγομένη,
534 1084 818 1138 τουτέστιν
850 1080 884 1153 ἡ
909 1088 1037 1153 ΘΚ,
1071 1086 1347 1154 συμβαλεῖ
1372 1085 1447 1157 τῷ
1472 1087 1647 1138 ΑΒΓ
1669 1082 1923 1159 τριγώνῳ

226 1172 321 1228 καὶ
359 1173 886 1243 προσεκβαλλομένη
923 1173 1026 1237 ἕως
1063 1180 1165 1227 τοῦ
1206 1172 1399 1243 ἑτέρου
1437 1172 1643 1245 μέρους
1678 1175 1775 1240 τῆς
1814 1173 1924 1229 ἐπι·
1979 1165 1982 1226 s

227 1265 465 1333 φανείας
506 1264 633 1332 δίχα
664 1260 1007 1332 τμηθήσεται
1038 1258 1147 1316 ὑπὸ
1179 1264 1281 1316 τοῦ
1312 1260 1606 1333 τριγώνου.
1670 1261 1787 1318 ἐπεὶ
1818 1254 1924 1318 οὖν

227 1347 262 1421 ἡ
305 1348 397 1405 διὰ
438 1352 538 1406 τοῦ
580 1355 627 1404 Θ
665 1352 732 1422 τῇ
773 1356 890 1405 ΔΕ
930 1349 1285 1422 παράλληλος
1332 1348 1577 1422 ἀγομένη
1617 1350 1924 1422 συμβάλλει

141 1455 194 1495 15
226 1443 302 1515 τῷ
351 1444 527 1495 ΑΒΓ
573 1438 827 1513 τριγώνῳ
881 1443 980 1494 καί
1022 1441 1172 1495 ἐστιν
1228 1439 1288 1494 ἐν
1338 1442 1415 1515 τῷ
1462 1436 1556 1495 διὰ
1609 1442 1707 1511 τῆς
1753 1446 1927 1496 ΔΖΕ
1966 1496 1982 1514 ι,

226 1538 398 1600 τομῆς
445 1529 711 1603 ἐπιπέδῳ,
768 1528 854 1583 ἐπὶ
901 1529 1005 1600 τὴν
1051 1526 1252 1600 κοινὴν
1301 1525 1408 1600 ἄρα
1452 1527 1631 1600 τομὴν
1676 1540 1922 1585 πεσεῖται

225 1621 328 1674 τοῦ
360 1619 663 1690 τέμνοντος
696 1620 959 1674 ἐπιπέδου
984 1618 1076 1673 καὶ
1098 1626 1198 1674 τοῦ
1225 1622 1397 1673 ΑΒΓ
1418 1617 1712 1690 τριγώνου.
1758 1618 1920 1691 κοινὴ

227 1706 289 1762 δὲ
326 1707 468 1778 τομή
509 1709 623 1763 ἐστι
661 1710 775 1762 τῶν
816 1708 1092 1762 ἐπιπέδων
1132 1704 1166 1778 ἡ
1201 1713 1336 1761 ΖΗ·
1383 1703 1417 1777 ἡ
1458 1705 1568 1776 ἄρα
1609 1705 1703 1762 διὰ
1740 1710 1841 1764 τοῦ
1874 1713 1921 1764 Θ

224 1798 291 1868 τῇ
341 1803 458 1851 ΔΕ
508 1796 863 1868 παράλληλος
909 1795 1152 1867 ἀγομένη
1200 1806 1443 1851 πεσεῖται
1491 1796 1579 1851 ἐπὶ
1632 1795 1736 1867 τὴν
1783 1803 1918 1852 ΖΗ·

136 1901 193 1941 20
226 1885 318 1940 καὶ
349 1886 872 1956 προσεκβαλλομένη
906 1886 1008 1950 ἕως
1039 1889 1139 1941 τοῦ
1172 1885 1365 1956 ἑτέρου
1396 1886 1599 1956 μέρους
1627 1888 1726 1956 τῆς
1750 1892 1805 1940 Δ
1815 1892 1922 1942 ΖΕ

225 1977 399 2046 τομῆς
439 1977 566 2046 δίχα
605 1973 949 2045 τμηθήσεται
987 1972 1097 2029 ὑπὸ
1137 1977 1234 2045 τῆς
1275 1980 1394 2029 ΖΗ
1423 1972 1663 2039 εὐθείας.

335 2062 462 2135 ’ἤτοι
502 2061 572 2134 δὴ
606 2061 635 2119 ὁ
667 2072 851 2129 κῶνος
882 2060 1059 2134 ὀρθός
1090 2065 1259 2133 ἐστιν,
1299 2059 1332 2133 ἢ
1364 2063 1426 2119 τὸ
1461 2061 1555 2118 διὰ
1584 2065 1686 2118 τοῦ
1715 2061 1918 2130 ἄξονος

226 2157 504 2223 τρίγωνον
543 2151 605 2208 τὸ
649 2157 820 2208 ΑΒΓ
856 2149 1037 2223 ὀρθόν
1078 2152 1192 2207 ἐστι
1231 2149 1369 2223 πρὸς
1406 2150 1506 2208 τὸν
1546 2155 1658 2206 ΒΓ
1687 2150 1914 2224 κύκλον,

222 2241 258 2312 ἢ
300 2238 611 2312 οὐδέτερον.

135 2346 191 2386 25
338 2336 475 2386 ἔστω
515 2330 789 2403 πρότερον
830 2328 858 2386 ὁ
899 2334 1080 2395 κῶνος
1113 2328 1311 2402 ὀρθός·
1352 2337 1435 2400 εἴη
1467 2329 1541 2384 ἂν
1581 2322 1686 2385 οὖν
1724 2330 1818 2385 καὶ
1847 2328 1910 2387 τὸ

225 2424 398 2476 ΑΒΓ
421 2425 699 2492 τρίγωνον
731 2417 913 2491 ὀρθὸν
943 2418 1084 2491 πρὸς
1114 2419 1213 2475 τὸν
1238 2425 1349 2475 ΒΓ
1378 2417 1602 2474 κύκλον.
1665 2419 1780 2474 ἐπεὶ
1810 2413 1914 2476 οὖν

225 2510 490 2565 ἐπίπεδον
526 2507 589 2565 τὸ
631 2514 804 2564 ΑΒΓ
841 2506 977 2580 πρὸς
1017 2510 1278 2564 ἐπίπεδον
1316 2506 1378 2563 τὸ
1418 2511 1526 2562 ΒΓ
1559 2503 1742 2579 ὀρθόν
1781 2510 1912 2580 ἐστι,

222 2598 313 2652 καὶ
353 2602 418 2670 τῇ
458 2601 619 2671 κοινῇ
654 2595 839 2654 αὐτῶν
870 2600 1010 2670 τομῇ
1044 2600 1108 2669 τῇ
1140 2602 1250 2652 ΒΓ
1283 2599 1343 2653 ἐν
1375 2597 1461 2652 ἑνὶ
1492 2598 1605 2651 τῶν
1638 2596 1912 2652 ἐπιπέδων

223 2689 298 2760 τῷ
334 2692 443 2742 ΒΓ
474 2686 614 2755 πρὸς
655 2684 832 2758 ὀρθὰς
869 2679 1031 2756 ἦκται
1062 2683 1096 2756 ἡ
1124 2692 1254 2756 ΔΕ,
1294 2683 1327 2756 ἡ
1358 2691 1473 2740 ΛΕ
1509 2681 1617 2754 ἄρα
1647 2687 1723 2759 τῷ
1748 2689 1921 2741 ΑΒΓ

134 2789 191 2830 30
223 2775 475 2848 τριγώνῳ
524 2775 639 2830 ἐστὶ
685 2774 824 2846 πρὸς
871 2773 1071 2846 ὀρθάς·
1133 2775 1226 2829 καὶ
1272 2771 1411 2846 πρὸς
1448 2771 1629 2837 πάσας
1667 2771 1777 2845 ἄρα
1813 2772 1912 2839 τὰς

221 2860 533 2934 ἁπτομένας
595 2861 764 2934 αὐτῆς
832 2860 1056 2929 εὐθείας
1117 2864 1207 2918 καὶ
1271 2860 1442 2928 οὔσας
1503 2863 1564 2918 ἐν
1618 2864 1694 2937 τῶ
1745 2867 1916 2918 ΑΒΓ
