1924 3172
674 757 678 760 ⁴
725 717 1140 781 ΚῼΝΙΚῼΝ
1188 724 1265 780 α’.

251 850 619 917 Ἀπολλώνιος
659 850 905 927 Εὐδήμῳ
944 856 1174 924 χαίρειν.

255 944 330 997 Εἰ
364 950 441 1019 τῷ
480 963 539 997 τε
579 940 790 1013 σώματι
837 935 900 997 εὖ
941 942 1236 1014 ἐπανάγεις
1284 942 1376 998 καὶ
1414 939 1480 998 τὰ
1519 940 1661 998 άλλα
1699 942 1837 999 κατὰ

143 1029 375 1102 γνώμην
416 1033 537 1087 ἐστί
571 1047 686 1102 σοι,
733 1038 915 1097 καλῶς
960 1028 1032 1087 ἂν
1073 1037 1213 1139 ἔχοι,
1262 1036 1494 1104 μετρίως
1539 1031 1602 1088 δὲ
1642 1036 1838 1105 ἔχομεν

83 1138 109 1175 5
141 1120 234 1175 καὶ
289 1119 465 1177 αὐτοί.
557 1115 698 1175 καθ’
745 1117 811 1176 ὃν
867 1120 928 1175 δε
974 1119 1173 1193 καιρὸν
1230 1119 1381 1193 ἤμην
1427 1121 1562 1193 μετά
1617 1138 1722 1177 σου
1776 1123 1838 1178 ἐν

143 1208 443 1285 Περγάμῳ,
483 1208 773 1280 ἐθεώρουν
813 1225 874 1264 σε
914 1209 1228 1266 σπεύδοντα
1268 1221 1559 1282 μετασχεῖν
1596 1218 1710 1266 τῶν
1746 1230 1836 1266 πε-

142 1300 479 1370 πραγμένων
505 1296 640 1370 ἡμῖν
665 1301 944 1354 κωνικῶν·
983 1299 1245 1371 πέπομφα
1277 1301 1381 1355 οὐν
1407 1314 1496 1354 σοι
1526 1297 1588 1355 τὸ
1613 1299 1836 1371 πρῶτον

142 1390 365 1458 βιβλίον
404 1387 892 1460 διορθωσάμενος,
930 1410 995 1443 τα
1038 1387 1100 1443 δὲ
1139 1387 1329 1458 λοιπά,
1370 1390 1505 1444 ὅταν
1545 1385 1838 1461 εὐαρεστή-

143 1493 355 1549 σωμεν,
404 1478 897 1547 ἐξαποστελοῦμεν·
956 1474 1058 1532 οὐκ
1105 1475 1452 1549 ἀμνημονεῖν
1499 1475 1606 1550 γὰρ
1647 1481 1843 1548 οἴομαί

53 1583 109 1623 10
144 1582 205 1622 σε
244 1564 374 1636 παρ’
412 1568 549 1638 ἐμοῦ
590 1563 886 1637 ἀκηκοότα,
928 1564 1072 1621 διότι
1111 1564 1214 1636 τὴν
1252 1567 1377 1637 περὶ
1415 1567 1588 1621 ταῦτα
1625 1568 1838 1637 ἔφοδον
1920 1555 1924 1621 s

142 1655 488 1727 ἐποιησάμην
520 1653 783 1722 ἀξιωθεὶς
820 1652 929 1710 ὑπὸ
965 1654 1338 1727 Ναυκράτους
1367 1657 1469 1710 τοῦ
1501 1655 1836 1727 γεωμέτρου,

140 1743 274 1800 καθ’
322 1743 389 1801 ὃν
429 1743 628 1817 καιρὸν
671 1743 925 1815 ἐσχόλαζε
963 1742 1093 1816 παρ’
1140 1742 1272 1816 ἡμῖν
1310 1744 1719 1815 παραγενηθεὶς
1758 1747 1838 1810 εἰς

136 1831 575 1906 Ἀλεξάνδρειαν,
608 1834 702 1888 καὶ
728 1832 873 1888 διότι
897 1832 1415 1905 πραγματεύσαντες
1439 1830 1579 1888 αὐτὰ
1607 1834 1667 1888 ἐν
1692 1831 1835 1889 ὀκτὼ

141 1928 381 1993 βιβλίοις
420 1925 474 1990 ἐξ
523 1921 694 1993 αὐτῆς
740 1921 1198 1993 μεταδεδώκαμεν
1249 1919 1387 1977 αὐτὰ
1439 1926 1518 1988 εἰς
1562 1920 1625 1978 τὸ
1667 1939 1836 1978 σπου-

52 2028 107 2068 15
143 2011 438 2082 δαιότερον
472 2010 563 2067 διὰ
596 2011 657 2067 τὸ
692 2010 829 2083 πρὸς
861 2015 1039 2087 ἔκπλφ
1074 2009 1247 2067 αὐτὸν
1281 2009 1426 2067 εἶναι
1460 2009 1540 2067 οὐ
1566 2009 1835 2067 διακαθά-

143 2123 362 2171 ραντες,
411 2099 552 2156 ἀλλὰ
591 2100 773 2156 πάντα
819 2098 886 2155 τὰ
923 2097 1307 2156 ὑποπίπτοντα
1353 2099 1488 2172 ἡμῖν
1527 2102 1721 2166 θέντες
1761 2098 1834 2166 ὥς

142 2194 375 2262 ἔσχατον
410 2189 849 2261 ἐπελευσόμενοι.
909 2187 1049 2244 ὅθεν
1082 2188 1279 2261 καιρὸν
1312 2197 1422 2245 νῦν
1451 2189 1718 2260 λαβόντες
1748 2186 1834 2244 ἀεὶ

140 2276 202 2334 τὸ
252 2277 531 2351 τυγχάνον
582 2277 941 2348 διορθώσεως
989 2280 1295 2349 ἐκδίδομεν.
1385 2278 1477 2332 καὶ
1530 2278 1644 2334 ἐπεὶ
1699 2294 1834 2349 συμ-

141 2368 343 2439 βέβηκε
404 2368 496 2423 καὶ
559 2366 764 2433 ἄλλους
825 2367 981 2433 τινὰς
1042 2371 1155 2423 τῶν
1218 2366 1640 2438 συμμεμιχότων
1701 2366 1832 2438 ἡμῖν

52 2475 109 2515 20
143 2458 532 2528 μετειληφέναι
570 2454 632 2511 τὸ
675 2459 896 2528 πρῶτον
935 2456 1026 2511 καὶ
1058 2454 1119 2511 τὸ
1156 2455 1420 2526 δεύτερον
1450 2457 1671 2525 βιβλίον
1700 2455 1832 2525 πρὶν
1917 2469 1921 2476 ’

141 2541 174 2615 ἢ
217 2548 632 2617 διορθωθῆναι,
674 2543 746 2615 μὴ
788 2545 1102 2618 θαυμάσῃς,
1145 2545 1244 2600 ἐὰν
1282 2548 1606 2615 περιπίπτῃς
1645 2540 1834 2609 αὐτοῖς

144 2635 342 2703 ἑτέρως
383 2639 622 2706 ἔχουσιν.
684 2631 791 2688 ἀπὸ
834 2633 896 2689 δὲ
933 2637 1045 2689 τῶν
1086 2633 1227 2689 ὀκτὼ
1268 2637 1501 2704 βιβλίων
1539 2631 1605 2686 τὰ
1644 2635 1835 2704 πρῶτα
1916 2652 1918 2654 ·

263 2787 302 2825 1.
326 2778 627 2827 Ἀπολλωνίου
646 2783 884 2839 Περγαίου
909 2782 1122 2827 κωνικῶν
1140 2777 1191 2825 α’
1209 2781 1263 2826 V.
1357 2785 1397 2826 8.
1427 2776 1830 2837 εὖαρεστήσωμεν]

140 2842 189 2885 in
225 2840 267 2883 V
301 2856 377 2884 εστ
407 2840 593 2885 litterae
625 2840 694 2885 ita
726 2840 1014 2897 coniunctae,
1047 2845 1099 2885 ut
1132 2840 1307 2885 similes
1339 2839 1454 2885 fiant
1485 2855 1548 2885 ετ.
1647 2843 1716 2883 15.
1751 2837 1830 2883 διά

143 2957 197 2963 -
220 2934 287 2974 16.
310 2926 387 2987 τά]
413 2944 508 2987 rep.
527 2945 620 2988 mg.
639 2945 699 2975 m.
717 2943 806 2976 rec.
826 2930 868 2974 V
894 2934 981 2987 (15.
1009 2927 1180 2989 εὔπλῳ)
1208 2929 1367 2975 αᾱᾶίίῑο
1392 2907 1453 2974 13⁸1
1471 2925 1519 2983 ἐξ
1543 2923 1830 2985 ἄπογράφου
