2028 3146
270 70 378 123 194
935 73 1213 119 ΚΩΝΙΚΩΝ
1244 71 1308 133 β’.

268 194 582 262 ζευχθεῖσαι
622 193 685 246 αἰ
719 196 839 262 ΓΔ,
874 195 980 246 ΓΕ
1017 191 1502 264 ἐκβεβλήσθωσαν.
1569 195 1732 265 λέγω,
1769 191 1857 250 ὅτι
1895 190 1968 250 οὐ

265 282 683 350 συμπεσοῦνται
721 282 786 353 τῇ
828 283 983 353 τομῇ.

378 372 429 423 εί
466 367 584 440 γὰρ’
615 367 889 440 δυνατόν,
935 370 1286 442 συμπιπτέτω
1326 369 1361 442 ἡ
1402 376 1505 426 ΓΔ
1542 375 1608 445 τῇ
1646 375 1788 444 τομῇ
1827 373 1967 428 κατὰ

263 454 326 511 τὸ
367 462 449 526 Η,
506 456 601 511 καὶ
648 454 756 513 ἀπὸ
804 460 905 513 τοῦ
946 463 1013 513 Η
1056 459 1400 531 τεταγμένως
1445 459 1707 533 κατήχθω
1753 458 1788 533 ἡ
1828 466 1964 517 ΗΘ·

204 556 229 595 5
263 544 618 618 παράλληλος
656 544 766 616 ἄρα
811 546 927 602 ἐστὶ
971 549 1036 620 τῇ
1076 554 1202 604 ΔΒ.
1290 549 1406 604 ἐπεὶ
1446 541 1552 605 οὖν
1593 551 1771 620 ἐστιν,
1818 550 1890 617 ὡς
1927 549 1963 622 ἡ

263 640 371 689 ΑΒ
411 631 550 706 πρὸς
590 639 718 705 ΒΖ,
758 633 821 690 τὸ
861 633 970 690 ἀπὸ
1012 642 1121 691 ΑΒ
1160 633 1300 705 πρὸς
1338 634 1400 692 τὸ
1440 634 1551 692 ὑπὸ
1593 643 1783 709 ΑΒΖ,
1822 636 1962 695 ἀλλὰ

260 732 362 779 τοῦ
403 722 505 795 μὲν
547 721 653 779 ἀπο
696 730 804 779 ΑΒ
844 725 1108 797 τέταρτον
1150 726 1316 797 μέρος
1353 724 1415 781 τὸ
1457 723 1567 782 ἀπὸ
1599 731 1719 799 ΓΒ,
1759 731 1860 784 τοῦ
1901 728 1963 785 δὲ

260 810 372 868 ὑπὸ
414 817 578 868 ΑΒΖ
617 814 881 885 τέταρτον
921 811 984 869 τὸ
1024 812 1133 869 ἀπὸ
1175 820 1306 885 ΒΔ,
1347 812 1422 880 ὥς
1460 813 1570 887 ἄρα
1609 813 1643 887 ἡ
1676 823 1785 873 ΑΒ
1823 816 1963 890 πρὸς

261 907 393 972 ΒΖ,
441 903 504 958 τὸ
546 899 653 957 ἀπὸ
698 906 798 957 ΓΒ
839 900 978 973 πρὸς
1016 901 1078 958 τὸ
1121 901 1230 959 ἀπὸ
1271 910 1408 974 ΔΒ,
1437 906 1710 962 τουτέστι
1747 905 1811 986 m}
1849 904 1960 964 ἀπὸ

172 1001 228 1041 10
262 997 368 1048 ΓΘ
406 990 547 1065 πρὸς
576 988 640 1046 τὸ
673 988 781 1046 ἀπὸ
807 997 934 1048 ΘΗ.
992 995 1105 1048 ἔστι
1138 992 1202 1048 δὲ
1231 993 1325 1048 καὶ
1357 992 1432 1059 ὡς
1463 991 1497 1065 ἡ
1530 1001 1638 1050 ΑΒ
1676 994 1814 1069 πρὸς
1837 1002 1960 1068 ΒΖ,

258 1080 320 1138 τὸ
362 1079 471 1137 ὑπὸ
514 1087 676 1137 ΑΘΒ
715 1079 856 1152 πρὸς
892 1079 955 1137 τὸ
997 1079 1106 1138 ἀπὸ
1148 1088 1285 1138 ΘΗ·
1339 1081 1413 1149 ὡς
1451 1082 1560 1155 ἄρα
1598 1082 1662 1141 τὸ
1702 1084 1811 1142 ἀπὸ
1851 1090 1962 1143 ΓΘ

256 1171 396 1241 πρὸς
440 1170 503 1227 τὸ
551 1167 660 1226 ἀπὸ
710 1176 847 1240 ΘΗ,
903 1169 965 1226 τὸ
1016 1168 1123 1227 ὑπὸ
1166 1177 1332 1227 ΑΘΒ
1383 1171 1522 1245 πρὸς
1566 1171 1629 1229 τὸ
1677 1171 1786 1230 ἀπὸ
1827 1180 1958 1232 ΘΗ.

258 1268 384 1316 ἴσον
433 1258 543 1331 ἄρα
589 1257 652 1315 τὸ
701 1257 811 1315 ὑπὸ
853 1266 1019 1315 ΑΘΒ
1073 1263 1148 1335 τῷ
1197 1258 1306 1316 ἀπὸ
1355 1267 1485 1317 ΓΘ·
1549 1259 1684 1335 ὅπερ
1730 1264 1958 1321 ἄτοπον.

258 1347 363 1407 οὐκ
402 1350 514 1422 ἄρα
554 1346 588 1419 ἡ
628 1353 732 1404 ΓΔ
772 1360 1133 1420 συμπεσεῖται
1171 1352 1237 1422 τῇ
1278 1352 1431 1422 τομῇ.
1504 1348 1712 1423 ὁμοίως
1749 1355 1819 1424 δὴ
1853 1356 1959 1409 δεί-

170 1448 224 1488 15
258 1441 449 1511 ξομεν,
508 1435 592 1493 ὅτι
642 1435 775 1493 οὐδὲ
823 1435 857 1508 ἡ
908 1443 1034 1493 ΓΕ·
1105 1435 1530 1510 ἄσύμπτωτοι
1576 1439 1686 1513 ἄρα
1733 1442 1842 1497 εἰσὶ
1890 1450 1957 1516 τῇ

255 1531 395 1600 τομῇ
438 1529 499 1582 αἱ
537 1532 657 1597 ΓΔ,
691 1531 806 1582 ΓΕ.

375 1738 502 1791 Τῶν
535 1732 723 1791 αὐτῶν
756 1734 938 1791 ὄντων
973 1737 1237 1807 δεικτέον,
1280 1734 1364 1792 ὅτι
1406 1737 1562 1810 ἑτέρα
1596 1735 1957 1810 ἀσύμπτωτος

255 1822 359 1879 οὐκ
400 1829 515 1880 ἔστι
555 1825 834 1896 τέμνουσα
874 1827 977 1895 τὴν
1017 1827 1415 1898 περιεχομένην
1455 1831 1669 1896 γωνίαν
1699 1825 1809 1883 ὑπὸ
1841 1831 1954 1884 τῶν

164 1924 222 1965 20
259 1918 440 1968 ΔΓΕ.

369 2006 420 2057 εἰ
465 2001 571 2073 γὰρ
621 2003 892 2072 δυνατόν,
942 2006 1079 2058 ἔστω
1120 2000 1154 2073 ἡ
1195 2007 1331 2073 ΓΘ,
1387 2003 1479 2058 καὶ
1521 2002 1613 2059 διὰ
1652 2006 1754 2059 τοῦ
1794 2009 1840 2059 Β
1886 2006 1953 2077 τῇ

251 2095 356 2145 ΓΔ
395 2090 748 2163 παράλληλος
787 2092 947 2162 ἤχθω
987 2088 1021 2162 ἡ
1062 2097 1168 2146 ΒΘ
1214 2091 1306 2146 καὶ
1348 2092 1699 2163 συμπιπτέτω
1738 2094 1805 2165 τῇ
1845 2097 1954 2148 ΓΘ

250 2177 388 2233 κατὰ
426 2178 488 2235 τὸ
532 2185 604 2249 Θ,
650 2179 743 2234 καὶ
789 2182 856 2252 τῇ
896 2185 1001 2234 ΒΘ
1050 2186 1141 2250 ἴση
1181 2185 1391 2236 κείσθω
1432 2178 1466 2251 ἡ
1510 2186 1655 2252 ΔΗ,
1702 2182 1795 2237 καὶ
1842 2183 1952 2237 ἐπι-

254 2272 544 2339 ζευχθεῖσα
583 2266 617 2339 ἡ
656 2272 771 2323 ΗΘ
818 2267 1178 2339 ἐκβεβλήσθω
1221 2269 1308 2324 ἐπὶ
1347 2268 1414 2324 τὰ
1455 2275 1535 2340 Κ,
1570 2275 1645 2339 Λ,
1677 2275 1757 2326 Μ.
1834 2270 1952 2326 ἐπεὶ

162 2367 219 2408 25
254 2349 359 2411 οὖν
408 2359 470 2411 αἱ
514 2362 645 2427 ΒΘ,
687 2363 814 2412 ΔΗ
863 2364 979 2412 ἴσαι
1027 2358 1134 2412 εἰσὶ
1188 2358 1281 2412 καὶ
1334 2357 1704 2430 παράλληλοι,
1761 2359 1853 2414 καὶ
1892 2360 1956 2413 αῖ

252 2450 389 2515 ΔΒ,
422 2451 536 2500 ΗΘ
583 2453 700 2501 ἴσαι
747 2446 854 2501 εἰσὶ
901 2446 994 2501 καὶ
1040 2446 1402 2518 παράλληλοι.
1478 2446 1571 2501 καὶ
1610 2446 1727 2502 ἐπεὶ
1765 2443 1799 2517 ἡ
1840 2452 1950 2502 ΑΒ

254 2536 381 2604 δίχα
421 2535 677 2605 τέμνεται
714 2534 855 2590 κατὰ
894 2533 956 2590 τὸ
999 2540 1070 2606 Γ,
1119 2536 1211 2590 καὶ
1257 2535 1576 2608 πρόσκειται
1615 2532 1754 2606 αὐτῇ
1793 2556 1875 2599 τις
1914 2532 1948 2605 ἡ

251 2627 386 2692 ΒΛ,
442 2622 505 2678 τὸ
545 2620 654 2678 ὑπὸ
695 2629 865 2679 ΑΛΒ
923 2622 1056 2694 μετὰ
1103 2627 1205 2680 τοῦ
1254 2622 1360 2679 ἀπὸ
1400 2629 1501 2679 ΓΒ
1550 2630 1677 2678 ἴσον
1717 2621 1831 2678 ἐστὶ
1869 2625 1947 2699 τῷ

369 2820 410 2860 4.
444 2815 550 2873 τοῦ]
584 2831 629 2872 p,
663 2817 743 2873 τῆς
778 2816 834 2859 V.
929 2822 967 2861 5.
1002 2812 1051 2874 ἡ]
1087 2831 1132 2873 p,
1168 2829 1257 2860 om.
1284 2815 1340 2858 V.
1436 2819 1503 2861 10.
1540 2814 1666 2872 ΘΗ]
1700 2828 1739 2870 c,
1772 2827 1797 2858 e
1830 2827 1944 2859 corr.

248 2887 308 2917 m.
346 2879 366 2916 1
405 2874 456 2917 V.
584 2879 651 2919 11.
687 2875 841 2934 ΑΘΒ]
874 2877 1009 2919 ΑΒΘ
1043 2875 1102 2930 V;
1138 2877 1239 2929 ΑΘ,
1269 2875 1352 2919 ΘΒ
1385 2888 1429 2930 p.
