1982 3178
122 241 294 294 basim
324 240 582 311 trianguli
611 258 708 308 per
741 257 893 292 axem
926 238 1090 311 positi
1120 236 1613 307 perpendicularem
1639 239 1803 303 secat,

123 333 176 382 et
236 330 282 382 si
341 331 621 397 praeterea
680 328 970 380 diametrus
1035 321 1285 379 sectionis
1343 325 1502 377 lateri
1557 324 1803 376 alterutri

120 418 377 488 trianguli
407 436 501 486 per
533 435 685 470 axem
716 416 880 485 positi
910 415 1172 484 parallela
1204 418 1299 483 est,
1340 414 1611 483 quaelibet
1640 416 1802 481 recta,

5 515 31 875 ι
121 524 256 576 quae
290 525 322 559 a
351 506 585 559 sectione
619 505 738 557 coni
761 504 1019 573 parallela
1044 503 1255 555 ducitur
1281 502 1552 555 communi
1577 501 1802 554 sectioni

0 0 25 443 ,ὑ
643 120 998 163 comcormM
1029 119 1210 160 LIBER
1240 119 1275 161 1.
1550 161 1553 164 ⁴
1730 114 1801 166 39

120 595 270 664 plani
331 595 562 648 secantis
618 594 869 662 basisque
926 592 1079 660 coni,
1137 609 1304 660 usque
1361 591 1426 643 ad
1482 590 1802 643 diametrum

26 712 31 714 -
122 686 337 753 sumpta
367 683 628 752 quadrata
661 682 899 751 aequalis
933 681 1035 733 erit
1066 680 1385 749 rectangulo
1416 679 1800 747 comprehenso

0 760 4 775 ’
120 775 268 831 recta
305 790 368 824 ex
407 772 668 824 diametro
709 772 776 823 ab
817 788 879 822 ea
919 770 985 821 ad
1016 769 1269 822 uerticem
1306 769 1516 820 abscisa
1548 767 1802 820 sectionis

0 861 11 956 f·
123 861 333 931 aliaque
373 861 603 930 quadam
640 863 802 928 recta,
841 877 975 928 quae
1015 859 1079 911 ad
1121 863 1325 910 rectam
1364 858 1505 909 inter
1545 857 1802 926 angulum

123 949 244 1002 coni
296 950 653 1018 uerticemque
709 947 962 1002 sectionis
1016 948 1252 1016 positam
1306 947 1574 1000 rationem
1623 945 1805 1012 habet,

123 1056 282 1107 quam
332 1038 650 1107 quadratum
695 1038 840 1090 basis
887 1036 1151 1106 trianguli
1196 1054 1292 1103 per
1338 1053 1493 1087 axem
1531 1034 1698 1103 positi
1737 1033 1804 1086 ad

122 1128 493 1197 rectangulum
538 1125 759 1195 reliquis
807 1125 1012 1177 duobus
1060 1121 1318 1176 lateribus
1359 1123 1622 1191 trianguli
1661 1140 1802 1175 com-

122 1216 468 1284 prehensum3
506 1217 726 1267 uocetur
765 1216 944 1267 autem
982 1214 1109 1265 talis
1151 1213 1313 1265 sectio
1352 1211 1678 1281 parabola.

236 1393 306 1444 sit
336 1410 516 1460 conu8‚
555 1393 705 1444 cuius
737 1394 923 1443 uertex
955 1390 1026 1443 sit
1056 1395 1108 1442 A
1139 1393 1413 1458 punctum,
1447 1389 1590 1441 basis
1623 1390 1804 1440 autem

124 1485 234 1535 ΒΓ
258 1482 502 1553 circuIUS,
534 1483 587 1532 et
608 1498 703 1549 per
729 1499 877 1532 axem
905 1480 1066 1548 plano
1095 1481 1315 1542 secetur,
1349 1476 1491 1546 quod
1516 1476 1804 1530 sectionem

781 1659 962 1708 autem
1010 1655 1115 1707 alio
1163 1671 1372 1723 quoque
1422 1655 1606 1723 plan0,
1658 1653 1799 1722 quod

780 1745 953 1797 basim
987 1743 1108 1796 coni
1139 1742 1429 1796 secundum
1460 1745 1663 1794 rectam
1688 1746 1743 1793 A
1754 1745 1806 1794 E

675 1849 679 1853 ·
781 1835 927 1885 secat
967 1833 1032 1884 ad
1064 1834 1171 1884 ΒΓ
1212 1830 1707 1900 perpendicularem
1748 1833 1801 1882 et

781 1922 837 1973 in
870 1920 1147 1990 superficie
1172 1920 1291 1972 coni
1317 1919 1612 1971 sectionem
1638 1918 1818 1971 efficit»

784 2013 839 2061 A
849 2013 966 2075 ZE,
1006 2008 1295 2061 diametrus
1337 2010 1516 2059 autem
1534 2006 1801 2059 sectionis

749 2167 752 2170 Δ
786 2100 903 2149 ΖΗ
940 2096 1199 2165 parallela
1246 2096 1317 2148 sit
1356 2100 1408 2148 A
1420 2097 1472 2150 Γ
1509 2095 1665 2147 lateri
1708 2095 1801 2147 tri—

787 2186 973 2254 anguli
1033 2203 1128 2253 per
1194 2203 1345 2237 axem
1406 2184 1595 2252 positi,
1658 2187 1711 2235 et
1773 2202 1804 2234 a

786 2277 982 2342 puncto
1018 2276 1062 2325 Z
1095 2273 1162 2325 ad
1202 2277 1403 2325 rectam
1437 2274 1556 2324 ZH
1584 2289 1804 2340 perpen-

128 2360 376 2413 dicularis
396 2362 618 2414 ducatur
635 2364 749 2429 ΖΘ,
772 2365 824 2414 et
839 2362 933 2414 fiat
949 2359 1080 2414 ΒΓ2
1097 2382 1108 2414 :
1126 2366 1236 2414 BA
1253 2362 1641 2417 ><AF=269
1658 2378 1668 2410 :
1685 2363 1804 2426 ΖΑ,
1822 2380 1825 2382 ·

128 2452 182 2500 et
211 2450 268 2501 in
300 2450 533 2502 sectione
565 2452 823 2518 punctum
857 2450 1132 2518 quodlibet
1157 2453 1214 2502 K
1251 2453 1507 2516 sumatur,
1548 2452 1600 2500 et
1630 2465 1726 2516 per
1751 2450 1807 2499 K

127 2541 304 2590 rectae
343 2541 397 2589 A
411 2541 458 2589 E
493 2539 749 2606 parallela
788 2538 1011 2590 ducatur
1049 2540 1106 2589 K
1111 2541 1175 2590 A.
1247 2538 1380 2606 dico,
1420 2555 1535 2589 esse

670 2629 727 2678 K
736 2623 807 2677 Λ2
833 2651 901 2668 =
927 2629 1027 2678 ΘΖ
1051 2638 1121 2681 ><
1147 2629 1265 2678 ΖΛ.

242 2802 465 2885 ducatur
490 2802 629 2853 enim
655 2820 751 2869 per
769 2805 818 2853 A
842 2805 1016 2853 rectae
1035 2803 1141 2853 ΒΓ
1158 2800 1415 2870 parallela
1435 2802 1579 2852 MN.
1619 2817 1805 2852 uerum

132 2890 294 2942 etiam
311 2892 367 2941 Κ
373 2892 424 2941 Λ
449 2893 621 2942 rectae
642 2894 756 2942 AE
777 2890 1035 2957 parallela
1060 2893 1154 2941 est.
1194 2890 1373 2957 itaque
1398 2889 1616 2956 planum
1640 2891 1806 2940 recta·

783 1567 980 1620 efficiat
1010 1566 1344 1636 triangulum
1369 1567 1555 1633 ΑΒΓ,
1596 1567 1803 1617 secetur
1892 1612 1895 1618 s
