1942 3146
143 63 254 117 436
810 62 1090 107 ΚῼΝΙΚΩΝ
1120 57 1183 119 γ’.

144 186 257 238 ΕΓ
287 185 354 256 τῇ
395 186 517 237 ΓΔ·
557 181 650 237 καὶ
674 178 724 253 ἡ
763 186 878 237 ΗΘ
915 178 1025 251 ἄρα
1063 182 1129 253 vy}
1171 184 1288 235 ΕΗ
1325 181 1475 237 ἐστιν
1515 187 1624 252 ἴση.
1701 178 1843 237 ὥστε

144 269 178 343 ἡ
221 277 327 326 ΖΕ
369 275 468 342 τῆς
507 275 621 326 ΗΘ
668 272 783 327 ἐστι
824 273 1006 341 διπλῆ.
1091 269 1183 325 καὶ
1230 269 1345 326 ἐπεὶ
1392 267 1427 341 ἡ
1468 274 1571 326 ΓΘ
1617 276 1709 342 ἴση
1753 271 1842 326 δέ·

145 363 354 415 δεικται
394 362 460 431 τῇ
500 365 630 430 ΓΒ,
679 381 715 430 η
757 364 862 414 ΕΖ
900 356 1009 431 ἄρα
1050 361 1217 429 διπλῆ
1258 360 1372 414 ἐστι
1412 360 1842 431 συναμφοτέρου
1891 415 1894 418 ,

142 451 238 520 τῆς
275 453 461 504 ΗΓΒ.
539 446 679 503 ἀλλὰ
708 450 824 519 ’τῆς
869 446 974 519 μὲν
1012 451 1131 502 ΗΓ
1170 450 1336 518 διπλῆ
1383 444 1418 518 ἡ
1461 447 1610 518 ΖΔ,>
1642 451 1741 519 τῆς
1780 447 1843 504 δὲ

85 559 112 598 5
147 543 247 593 ΓΒ
295 540 464 608 διπλῆ
504 534 537 607 ἡ
580 543 711 592 AB·
773 534 807 608 ἡ
847 541 953 591 ΕΖ
1000 534 1108 607 ἄρα
1149 541 1240 606 ἴση
1283 535 1397 591 ἐστὶ
1438 538 1842 611 συναμφοτέρῳ

143 629 209 699 vy}
252 632 379 697 ZA,
419 631 545 682 ΑΒ.
623 626 764 681 ὥστε
803 622 837 696 ἡ
879 630 982 680 ΕΖ
1029 627 1127 695 τῆς
1166 630 1276 679 ZA
1319 622 1571 698 ὑπερέχει
1611 628 1678 699 τῇ
1718 631 1842 682 ΑΒ.

941 786 1050 858 νβ’.

249 890 382 948 Ἐὰν
424 894 485 948 ἐν
525 893 764 959 ἐλλείψει
796 911 946 964 παρα
979 894 1078 946 τὸν
1109 895 1332 962 μείζονα
1363 894 1479 947 τῶν
1510 888 1734 958 ἀξόνων
1764 894 1841 967 τῷ

142 980 381 1057 τετάρτῳ
423 982 576 1053 μέρει
611 983 711 1036 τοῦ
745 983 932 1045 εἴδους
965 986 1092 1035 ἴσον
1125 978 1211 1050 ἐφ’
1245 980 1471 1050 ἑκάτερα
1502 983 1838 1054 παραβληθῇ

56 1092 113 1132 10
147 1074 402 1127 ἐλλεῖπον
442 1074 578 1126 εἴδει
616 1068 964 1144 τετραγώνῳ,
1004 1069 1097 1124 καὶ
1137 1066 1245 1124 ἀπὸ
1284 1072 1397 1125 τῶν
1429 1069 1751 1140 γενομένων
1785 1071 1843 1124 ἐκ

142 1164 241 1232 τῆς
277 1162 601 1231 παραβολῆς
648 1163 894 1230 σημείων
939 1164 1267 1213 κλασθῶσιν
1308 1155 1526 1213 εὐθεῖαι
1563 1161 1701 1229 πρὸς
1739 1157 1841 1230 τὴν

143 1250 423 1322 γραμμήν,
465 1255 581 1303 ἴσαι
620 1251 844 1303 ἔσονται
882 1250 958 1324 τῷ
1000 1245 1172 1313 ἄξονι.

256 1342 394 1393 ἔστω
435 1342 699 1407 ἔλλειψις,
744 1329 809 1407 ἧς
848 1340 1047 1407 μείζων
1087 1343 1201 1391 τῶν
1240 1334 1461 1402 ἀξόνων
1504 1332 1533 1391 ὁ
1573 1341 1710 1406 ΑΒ,
1749 1336 1843 1392 καὶ

143 1429 218 1499 τῷ
258 1427 496 1501 τετάρτῳ
538 1426 691 1497 μέρει
729 1427 832 1480 τοῦ
872 1427 1060 1488 εἴδους
1099 1423 1362 1496 ἑκάτερον
1403 1431 1528 1480 ἴσον
1560 1428 1699 1480 ἔστω
1730 1428 1843 1480 τῶν

57 1535 111 1574 15
144 1512 253 1570 ὑπὸ
294 1520 485 1586 ΑΓΒ,
526 1520 726 1584 ΑΔΒ,
781 1514 874 1568 καὶ
921 1511 1030 1568 ἀπὸ
1077 1516 1192 1568 τῶν
1233 1518 1296 1584 Γ,
1338 1520 1394 1568 A
1438 1512 1842 1569 κεκλάσθωσαν

143 1607 283 1676 πρὸς
319 1603 424 1674 τὴν
463 1602 725 1676 γραμμὴν
765 1605 828 1658 αἱ
861 1607 1043 1658 ΓΕΔ.
1103 1602 1263 1673 λέγω,
1304 1600 1387 1658 ὅτι
1428 1605 1488 1657 αἱ
1518 1607 1687 1658 ΓΕΔ
1726 1607 1842 1658 ἴσαι

144 1693 251 1749 εἰσὶ
290 1696 356 1766 vy}
397 1698 522 1748 ΑΒ.

255 1779 417 1853 ἤχθω
459 1782 812 1854 ἐφαπτομένη
854 1777 887 1851 ἡ
924 1784 1101 1851 ΖΕΘζ
1136 1780 1229 1835 καὶ
1269 1781 1503 1852 κέντρον
1541 1783 1603 1836 τὸ
1636 1786 1711 1852 Η,
1749 1781 1842 1836 καὶ

147 1868 217 1924 δι’
258 1866 435 1925 αὐτοῦ
473 1869 620 1939 παρὰ
660 1867 763 1939 τὴν
798 1873 904 1923 ΓΕ
939 1866 973 1939 ἡ
1007 1873 1198 1923 ΗΚΘ.
1262 1869 1377 1923 ἐπεὶ
1419 1862 1524 1924 οὖν
1564 1876 1656 1940 ἴση
1690 1870 1842 1924 ἐστὶν

55 1956 180 2032 530⁷}
221 1956 330 2013 ὑπὸ
371 1962 532 2012 ΓΕΖ
577 1960 643 2030 vy}
690 1954 799 2011 ὑπὸ
841 1962 1034 2026 ΘΕΚ,
1089 1954 1123 2026 ἡ
1175 1956 1236 2012 δὲ
1275 1954 1383 2011 ὑπὸ
1423 1962 1589 2012 ΖΕΓ
1628 1961 1692 2029 τῇ
1731 1955 1840 2013 ὑπὸ

145 2052 318 2102 ΕΘΚ
355 2054 475 2117 ἴση,
513 2045 606 2100 καὶ
646 2043 679 2115 ἡ
722 2042 831 2100 ὑπὸ
874 2050 1044 2100 ΕΘΚ
1079 2042 1188 2114 ἄρα
1226 2047 1292 2116 vy}
1334 2042 1443 2100 ὑπὸ
1485 2050 1657 2100 ΘΕΚ
1693 2047 1843 2102 ἐστιν

147 2143 257 2205 ἴση.
342 2142 433 2205 ἴση
482 2135 592 2206 ἄρα
638 2134 731 2189 καὶ
779 2131 812 2205 ἡ
861 2139 974 2188 ΘΚ
1016 2136 1081 2206 vy}
1128 2139 1254 2188 KE.
1339 2134 1431 2188 καὶ
1479 2134 1595 2189 ἐπεὶ
1640 2131 1674 2206 ἡ
1722 2140 1849 2191 AH

145 2227 210 2296 vy}
244 2229 357 2278 ΗΒ
399 2231 489 2294 ἴση
530 2220 688 2293 καὶὴ
723 2227 838 2278 ΑΓ
869 2226 933 2295 vy}
968 2228 1096 2293 ΔΒ,
1136 2221 1229 2276 καὶ
1261 2219 1294 2293 ἡ
1331 2226 1450 2277 ΓΗ
1480 2221 1589 2295 ἄρα
1621 2232 1685 2296 τῇ
1717 2229 1841 2278 HA

148 2319 261 2383 ἴση·
326 2310 465 2367 ὥστε
511 2312 603 2367 καὶ
650 2308 683 2381 ἡ
729 2317 842 2366 ΕΚ
883 2322 948 2383 τῇ
991 2316 1123 2366 KA.
1199 2310 1292 2365 καὶ
1334 2308 1426 2365 διὰ
1465 2315 1630 2367 τοῦτο
1673 2315 1841 2383 διπλῆ

57 2419 114 2458 25
149 2401 299 2454 ἐστιν
331 2396 364 2469 ἡ
399 2398 501 2470 μὲν
533 2405 647 2453 EA
685 2402 781 2468 τῆς
816 2404 944 2469 ΘΚ,
985 2396 1019 2469 ἡ
1055 2398 1116 2453 δὲ
1144 2403 1255 2453 ΕΓ
1284 2407 1380 2470 τῆς
1409 2404 1546 2469 ΚΗ,
1584 2400 1678 2455 καὶ
1709 2416 1841 2456 συν-

149 2485 528 2558 αμφότεροςῆ
571 2492 737 2542 ΓΕΔ
787 2489 950 2557 διπλῆ
977 2488 1107 2542 ’ἐστι
1152 2496 1250 2557 τῆς
1290 2492 1415 2541 ΗΘ.
1491 2487 1632 2543 ἀλλὰ
1673 2489 1764 2543 καὶ
1804 2486 1837 2560 ἡ

148 2582 255 2630 ΑΒ
299 2579 460 2646 διπλῆ
501 2579 598 2647 τῆς
637 2581 771 2631 ΗΘ·
821 2583 911 2645 ἴση
953 2576 1061 2647 ἄρα
1101 2573 1135 2646 y‘y
1175 2581 1282 2630 AB
1321 2587 1440 2641 ταῖς
1477 2581 1660 2633 ΓΕΔ.

270 2741 310 2780 8.
348 2733 416 2793 ἐν]
460 2751 551 2781 om.
583 2737 647 2792 V3
689 2752 803 2782 corr.
837 2753 883 2794 p.
1038 2742 1107 2781 10.
1147 2740 1308 2781 λεῖπον
1342 2737 1380 2781 V
1415 2737 1566 2794 (initio
1598 2737 1838 2795 paginae);

151 2807 266 2839 corr.
300 2811 342 2851 p.
439 2800 507 2842 18.
542 2796 707 2854 ΖΕΘ]
743 2798 880 2840 ΕΖΘ
911 2796 974 2851 V3
1008 2810 1122 2842 corr.
1146 2811 1191 2853 p.
1289 2800 1357 2840 19.
1392 2797 1559 2854 ΗΚΘ]
1594 2799 1748 2842 ΗΘΚ
1775 2798 1837 2853 V3

150 2867 266 2899 corr.
297 2869 342 2911 p.
