2028 3146
666 109 1021 151 comcossUM
1050 109 1229 151 LIBER
1258 111 1295 154 1.
1713 108 1823 161 135
1902 111 1905 115 ’

140 228 464 281 diametrum
502 227 746 280 ordinate
785 228 1009 296 ducitur,
1047 228 1169 282 huic
1209 231 1391 282 autem
1428 229 1691 299 parallela
1720 247 1820 298 per

142 317 397 370 uerticem
436 317 656 370 alterius
690 317 942 370 sectionis
976 316 1187 369 ducitur
1216 320 1362 371 recta
1395 336 1515 371 cum
1545 322 1692 372 recta
1722 336 1821 388 per

33 462 36 465 ,
141 407 399 474 punctum
476 408 755 459 contactus
833 408 1177 474 centrumque
1255 406 1414 459 ducta
1483 425 1823 476 concurrens,

143 496 358 562 sumpto
392 496 572 546 autem
601 493 658 546 in
690 494 924 547 sectione
956 497 1155 561 puncto
1189 494 1368 563 aliquo
1403 496 1470 548 ad
1495 495 1819 548 diametrum

142 584 318 634 rectae
350 581 628 648 ducuntur,
667 600 894 650 quarum
927 582 1097 633 altera
1128 582 1476 650 contingenti,
1509 585 1678 636 altera
1708 602 1819 638 rec—

139 673 230 722 tae
278 688 310 722 a
355 672 555 738 puncto
596 671 874 738 contactus
918 669 1159 722 ordinate
1200 671 1388 723 ductae
1426 672 1685 740 parallela
1724 675 1823 740 est,

142 759 445 828 triangulus
486 759 553 811 ab
591 757 677 811 his
717 757 935 811 effectus
974 758 1265 828 triangulo,
1305 777 1464 828 quem
1502 764 1648 814 recta
1680 761 1819 814 ordi-

142 850 268 899 nate
307 847 464 900 ducta
504 847 571 900 ad
610 849 853 900 centrum
895 846 1148 899 sectionis
1188 847 1467 917 abscindit,
1505 850 1682 902 minor
1718 849 1821 902 erit

40 987 41 991 ,
141 935 414 1004 triangulo
462 936 520 987 in
565 935 715 987 radio
766 934 1035 1003 descripto
1078 935 1244 988 simili
1281 937 1552 1007 triangulo
1594 938 1820 992 absciso.

255 1025 361 1076 sint
409 1024 688 1093 oppositae
729 1026 861 1090 AZ,
907 1027 1034 1093 ΒΕ,
1082 1024 1373 1078 diametrus
1413 1029 1595 1078 autem
1635 1044 1821 1079 earum

139 1115 267 1180 AB,
307 1115 550 1166 centrum
583 1115 760 1165 autem
795 1113 853 1180 Γ,
894 1114 946 1163 et
980 1129 1010 1162 a
1043 1114 1087 1162 Z
1118 1115 1317 1180 puncto
1353 1113 1530 1182 aliquo
1565 1115 1818 1168 sectionis

1115 1205 1221 1253 ZA
1274 1202 1563 1256 sectionem
1617 1204 1823 1257 contin-

1114 1307 1246 1359 gens
1287 1290 1509 1344 ducatur
1555 1295 1675 1344 ΖΗ
1676 1317 1694 1360 ,’
1736 1310 1821 1345 or-

1114 1380 1294 1431 dinate
1349 1383 1529 1433 autem
1581 1383 1705 1448 ZO,
1768 1384 1822 1433 et

1114 1468 1337 1520 ducatur
1390 1470 1500 1520 ΓΖ
1561 1468 1818 1536 produca-

1113 1557 1327 1625 turque‚
1369 1558 1430 1608 ut
1467 1555 1563 1609 fiat
1601 1558 1725 1622 ΓΕ,
1766 1558 1820 1608 et

1113 1661 1208 1711 per
1243 1647 1288 1695 B
1335 1646 1510 1697 rectae
1551 1647 1654 1696 ΖΟ
1700 1662 1822 1713 par-

1114 1732 1270 1784 allela
1317 1732 1543 1785 ducatur
1587 1735 1716 1799 BA,
1762 1732 1821 1784 in

141 1825 378 1878 sectione
423 1828 601 1878 autem
633 1827 742 1876 BE
778 1826 1034 1894 punctum
1071 1821 1289 1891 aliquod
1329 1822 1399 1873 sit
1429 1823 1507 1889 Ν,
1563 1824 1616 1872 et
1662 1820 1729 1872 ab
1763 1822 1832 1871 N

140 1914 387 1966 ordinate
419 1914 644 1966 ducatur
674 1914 803 1981 ΝΘ,
842 1915 1020 1966 rectae
1060 1914 1241 1964 autem
1282 1912 1400 1962 ZH
1429 1908 1690 1978 parallela
1729 1907 1822 1960 du·

140 2004 297 2055 catur
335 2005 470 2055 NK.
546 2002 678 2070 dice,
718 2019 833 2054 esse
871 2003 1051 2053 ΝΘΚ
1071 2025 1140 2043 =
1165 2002 1339 2053 ΓΜΘ
1362 2013 1435 2054 —2—
1460 1999 1637 2049 ΓΒΛ.

256 2108 352 2159 per
381 2094 432 2142 E
461 2091 603 2143 enim
637 2090 932 2143 sectionem
961 2093 1070 2142 ΒΕ
1098 2089 1411 2158 contingens
1444 2087 1667 2138 ducatur
1689 2089 1821 2152 EA,

143 2177 388 2230 ordinate
428 2180 608 2229 autem
646 2175 761 2236 ΕΞ.
841 2176 1098 2245 quoniam
1135 2175 1302 2244 igitur
1342 2177 1468 2241 ΖΑ,
1507 2177 1616 2225 ΒΕ
1652 2190 1819 2241 oppo-

145 2265 282 2318 sitae
331 2269 477 2333 sunt,
524 2282 748 2334 quarum
796 2264 1087 2316 diametrus
1134 2266 1217 2317 est
1262 2266 1393 2331 ΑΒ,
1439 2265 1586 2314 recta
1637 2263 1820 2314 autem

39 2355 51 2418 j·
146 2370 242 2421 per
296 2355 535 2405 centrum
590 2352 748 2404 ducta
796 2354 976 2417 ΖΓΕ,
1032 2351 1399 2418 sectionesque
1448 2349 1820 2417 contingentes

147 2444 275 2509 ΖΗ,
313 2443 440 2509 ΕΔ,
478 2442 654 2492 rectae
693 2442 812 2491 ZH
841 2439 1102 2507 parallela
1141 2443 1223 2491 est
1262 2442 1377 2491 AE
1416 2440 1486 2503 [11.
1519 2436 1820 2502 Eutocius].

146 2532 231 2581 est
271 2531 452 2581 autem
481 2530 606 2581 NK
639 2529 814 2580 rectae
848 2529 965 2579 ZH
996 2527 1274 2597 parallela3
1313 2544 1479 2595 quare
1512 2525 1676 2577 etiam
1707 2541 1820 2577 rec-

145 2620 234 2669 tae
274 2620 387 2668 EA
431 2616 689 2685 parallela
736 2618 818 2667 est
854 2618 978 2667 NK
1014 2615 1184 2682 [Eucl.
1221 2615 1270 2682 Ι,
1310 2615 1428 2682 30],
1475 2616 1595 2665 ΜΘ
1643 2615 1821 2665 autem

146 2708 325 2757 vrectae
371 2706 481 2755 BA
524 2703 794 2772 parallela.
881 2704 1135 2773 quoniam
1181 2702 1348 2771 igitur
1394 2701 1692 2770 hyperbole,
1738 2704 1824 2753 est

149 2795 270 2859 ΒΕ,
309 2792 455 2844 cuius
495 2791 782 2843 diametrus
824 2795 905 2843 est
943 2795 1049 2844 ΑΒ
1062 2833 1076 2859 ,
1116 2793 1354 2843 centrum
1395 2792 1574 2841 autem
1611 2791 1672 2857 Γ,
1713 2806 1821 2841 sec·
1919 2791 1923 2793 ’

149 2879 352 2933 tionem
399 2881 578 2931 autem
619 2879 937 2947 contingens
981 2883 1094 2931 AE
1131 2881 1184 2930 et
1225 2877 1464 2930 ordinate
1504 2876 1664 2929 ducta
1703 2876 1822 2947 ΕΞ,
