1982 3178
227 112 295 167 78
884 115 1162 162 ΚΩΝῙΚΩΝ
1193 114 1261 162 α’.

335 239 473 292 ἔστω
499 239 757 306 ἔλλειψις,
782 227 848 308 ἧς
873 235 1246 310 ὃιάμετροιζαί
1259 242 1311 291 A
1320 242 1386 308 Β,
1409 241 1532 308 ΓΔ,
1555 235 1649 292 καὶ
1672 238 1912 309 τεμνέτω

221 345 304 390 τις
328 321 524 380 εὐθεῖα
548 324 650 397 τὴν
673 324 852 397 τομὴν
874 322 909 397 ἡ
935 331 1037 380 ΕΖ
1061 323 1263 396 μεταξὺ
1287 325 1511 398 κειμένη
1534 328 1649 382 τῶν
1666 333 1718 381 Α
1725 332 1791 398 Β,
1808 332 1913 383 ΓΔ

223 414 561 487 διαμέτρων.
612 414 774 485 λέγω,
814 411 900 470 ὅτι
930 411 964 486 ἡ
999 420 1102 470 ΕΖ
1143 415 1517 486 ἐκβαλλομένη
1557 426 1913 487 συμπεσεῖται

221 503 451 578 ἑκατέρᾳ
487 507 601 559 τῶν
633 510 758 575 ΑΒ,
791 509 895 559 ΓΔ
934 502 1088 570 ἐκτὸς
1125 507 1225 575 τῆς
1261 507 1444 576 τομῆς.

161 606 188 646 5
330 592 701 665 κατήχθωσαν
755 592 863 666 γὰρ
920 591 1028 649 ἀπὸ
1075 597 1189 649 τῶν
1234 599 1301 664 Ε,
1334 600 1379 649 Ζ
1431 593 1775 666 τεταγμένως
1818 593 1911 651 ἐπὶ

219 680 322 753 μὲν
358 682 460 755 τὴν
483 689 591 739 AB
631 686 693 738 αι
711 688 844 755 ΗΕ,
871 689 989 754 ΖΘ,
1030 682 1119 739 ἐπὶ
1161 682 1222 739 δὲ
1260 682 1361 755 τὴν
1387 671 1604 738 ΛΓάι
1631 689 1754 755 ΕΚ,
1787 689 1909 741 ΖΛ.

220 775 370 828 ἔστιν
409 771 543 845 ἄρα,
593 771 667 838 ὥς
706 773 810 845 μὲν
850 772 912 829 τὸ
951 771 1059 828 ἀπὸ
1098 776 1195 844 τῆς
1233 778 1359 828 ΕΗ
1386 771 1528 844 πρὸς
1564 770 1627 829 τὸ
1667 769 1774 830 ἀπὸ
1813 782 1912 846 τῆς

219 867 349 933 ΖΘ,
391 859 569 928 οὕτως
605 861 669 919 τὸ
710 860 817 918 ὑπο
860 868 1037 918 ΒΗΑ
1074 861 1215 934 πρὸς
1251 861 1314 919 τὸ
1355 859 1465 919 ὑπὸ
1506 867 1690 932 ΒΘΑ,
1734 859 1809 928 ὦς’
1847 862 1911 919 δὲ

215 950 278 1007 τὸ
319 951 429 1009 ἀπὸ
473 958 578 1007 ΖΛ
624 950 763 1025 πρὸς
800 951 863 1008 τὸ
914 950 1020 1007 ἀπὸ
1062 958 1200 1023 ΕΚ,
1256 950 1432 1018 οὕτως
1476 952 1539 1007 τὸ
1588 949 1696 1007 ὑπὸ
1737 956 1916 1008 ΔΛΓ

130 1053 185 1094 10
216 1039 356 1114 πρὸς
385 1039 448 1098 τὸ
480 1039 590 1097 ὑπὸ
617 1048 671 1096 Λ
682 1046 737 1096 Κ
745 1045 804 1096 Γ.
866 1045 964 1096 καί
991 1039 1105 1097 ἐστι
1136 1039 1199 1096 τὸ
1231 1040 1333 1112 μὲν
1371 1039 1482 1097 ὑπὸ
1508 1046 1684 1096 BHA
1721 1046 1908 1113 μεῖζον

215 1139 317 1186 τοῦ
353 1128 464 1187 ὑπὸ
504 1137 691 1186 ΒΘΑ·
748 1135 936 1202 ἔγγιον
975 1129 1082 1203 γὰρ
1121 1129 1183 1186 τὸ
1225 1136 1278 1185 Η
1313 1134 1411 1202 τῆς
1450 1133 1790 1203 διχοτομίας·
1842 1128 1905 1186 τὸ
1968 1174 1970 1178 x

217 1218 280 1275 δὲ
318 1216 426 1275 ὑπὸ
470 1224 647 1274 ΔΛΓ
685 1222 787 1275 τοῦ
826 1217 933 1274 ὑπὸ
978 1224 1158 1275 ΔΚΓ
1189 1223 1400 1291 μεῖζον·
1448 1224 1636 1290 μεῖζον
1666 1217 1776 1292 ἄρα
1812 1218 1906 1275 καὶ

214 1306 277 1363 τὸ
318 1307 420 1379 μὲν
459 1306 568 1364 ἀπὸ
609 1311 706 1379 τῆς
733 1314 852 1364 ΗΕ
886 1311 989 1364 τοῦ
1028 1305 1136 1364 ἀπὸ
1164 1315 1281 1379 ΖΘ,
1320 1307 1382 1364 τὸ
1425 1307 1487 1363 δὲ
1525 1306 1635 1364 ἀπὸ
1660 1313 1767 1364 ΖΛ
1803 1310 1907 1364 τοῦ

217 1394 326 1453 ἀπὸ
368 1403 501 1453 ΕΚ·
557 1403 757 1469 μείζων
797 1396 906 1470 ἄρα
944 1397 1035 1453 καὶ
1075 1395 1109 1469 ἡ
1150 1396 1251 1469 μὲν
1291 1402 1413 1452 ΗΕ
1455 1406 1555 1467 τῆς
1594 1403 1719 1468 ΖΘ,
1766 1394 1801 1469 ἡ
1843 1396 1906 1453 δὲ

130 1500 183 1541 15
217 1492 324 1542 ZA
361 1490 457 1558 τῆς
485 1492 609 1543 ΕΚ.
669 1492 767 1543 καί
801 1485 917 1543 ἐστι
955 1486 1306 1558 παράλληλος
1344 1484 1378 1559 ἡ
1412 1485 1514 1558 μὲν
1539 1489 1660 1542 ΗΕ
1692 1489 1759 1559 τῇ
1784 1491 1903 1558 ΖΘ,
1950 1511 1953 1516 ·

211 1573 244 1646 ἡ
287 1574 349 1631 δὲ
383 1582 488 1631 ΖΛ
527 1580 593 1649 τῇ
630 1582 756 1632 ΕΚ·
797 1575 831 1648 ῆ
860 1582 963 1631 ΕΖ
999 1575 1107 1649 ἄρα
1138 1576 1516 1648 ἐκβαλλομένη
1550 1586 1904 1647 συμπεσεῖται
1943 1601 1957 1663 ''ss

211 1664 441 1739 ἑκατέρᾳ
478 1669 592 1722 τῶν
617 1672 745 1737 ΑΒ,
777 1671 881 1722 ΓΔ
921 1666 1233 1739 διαμέτρων
1273 1663 1430 1731 ἐκτὸς
1467 1667 1564 1736 τῆς
1599 1666 1784 1736 τομῆς.
1945 1667 1959 1695 ”

1000 1829 1110 1886 κδ’.

318 1929 447 1988 Ἐὰν
478 1936 769 2007 παραβολῇ
802 1930 836 2005 ἢ
868 1933 1149 2006 ὑπερβολῗ
1183 1931 1380 1989 εὐθεῖα
1410 1929 1543 1987 καθ’
1574 1933 1635 1987 ἓν
1669 1931 1900 2003 σημεῖον

121 2036 177 2076 20
210 2025 599 2093 συμπίπτουσα
631 2019 1009 2093 ἐκβαλλομένη
1043 2019 1129 2092 ἐφ’
1160 2020 1388 2093 ἑκάτερα
1420 2018 1575 2086 ἐκτὸς
1604 2023 1772 2093 πίπτῃ
1803 2029 1903 2092 τῆς
1967 2065 1977 2093 ,a

207 2114 397 2183 τομῆς,
437 2123 793 2183 συμπεσεῖται
830 2114 896 2184 τῇ
938 2112 1225 2185 διαμέτρῳ.
1968 2118 1971 2119 ’

321 2205 457 2257 ἔστω
497 2199 795 2272 παραβολὴ,
828 2197 862 2271 ἢ
902 2199 1211 2271 ὑπερβολή,
1258 2193 1323 2271 ἧς
1363 2198 1659 2271 διάμετρος
1695 2221 1730 2270 η
1771 2204 1899 2269 ΑΒ,

207 2290 301 2346 καὶ
341 2290 690 2361 συμπιπτέτω
731 2287 870 2363 αὐτῇ
912 2287 1105 2345 εὐθεῖα
1144 2288 1178 2360 ἡ
1220 2294 1323 2344 ΓΔ
1333 2295 1386 2344 Ε
1427 2287 1566 2345 κατὰ
1604 2285 1666 2344 τὸ
1705 2294 1762 2343 Δ
1805 2287 1899 2343 καὶ

209 2379 582 2450 ἐκβαλλομένη
639 2376 727 2449 ἐφ’
781 2378 1010 2449 ἑκάτερα
1062 2377 1216 2444 ἐκτὸς
1269 2378 1507 2434 πιπτέτω
1561 2380 1659 2448 τῆς
1711 2385 1899 2448 τομῆς.

118 2481 174 2520 25
208 2468 366 2538 λέγω,
408 2468 494 2524 ὅτι
535 2479 890 2539 συμπεσεῖται
929 2470 994 2540 τῇ
1034 2473 1143 2524 AB
1184 2468 1472 2541 διαμέτρῳ.

318 2555 574 2628 εἰλήφθω
614 2556 722 2629 γάρ
761 2578 813 2611 τι
853 2568 1084 2628 σημεῖον
1126 2556 1211 2611 ἐπὶ
1250 2559 1347 2626 τῆς
1384 2558 1556 2626 τομῆς
1592 2555 1654 2611 τὸ
1697 2561 1761 2626 Ζ,
1802 2553 1895 2610 καὶ

327 2754 367 2794 1.
408 2747 485 2807 αἰ]
525 2764 578 2807 p,
623 2764 712 2794 om.
744 2748 799 2793 V.
952 2755 991 2794 6.
1033 2745 1112 2792 διὰ
1145 2744 1227 2792 κα’
1261 2745 1430 2792 τούτου
1461 2750 1544 2790 τοῦ
1577 2746 1758 2805 βιβλίου
1798 2760 1892 2803 mg.

205 2824 265 2853 m.
301 2813 323 2851 1
358 2810 412 2854 V.
566 2814 605 2853 6.
640 2809 743 2868 ΖΛ]
779 2809 876 2852 ΖΝ
904 2807 963 2862 V;
1000 2822 1115 2853 corr.
1147 2823 1192 2866 p.
1347 2811 1415 2851 10.
1451 2803 1567 2864 ἐστι]
1599 2820 1645 2861 c,
1679 2802 1804 2851 ἔστιν
1835 2805 1892 2851 V.

204 2865 451 2972 ω1ἒ.ἒιά
483 2864 535 2912 τὸ
570 2866 611 2913 ε’
646 2870 729 2913 τοῦ
764 2865 810 2927 β’
845 2883 983 2924 στοιχ.
1009 2882 1102 2924 mg.
1127 2883 1186 2912 m.
1215 2872 1235 2911 1
1255 2865 1321 2927 ¹V.
1416 2870 1484 2911 18.
1517 2861 1616 2923 κδ’]
1640 2879 1687 2922 p,
1714 2878 1809 2958 ὀω.
1835 2865 1893 2923 V,
