1942 3172
646 84 1002 127 CONICORUM
1031 85 1212 126 LIBER
1242 86 1278 131 I.
1776 83 1805 135 7

702 217 1140 271 Definitiones
1179 217 1222 271 I.

234 322 280 374 1.
336 319 392 374 Si
432 339 463 373 a
500 323 699 390 puncto
741 321 919 390 aliquo
961 321 1028 373 ad
1067 322 1330 375 ambitum
1370 322 1576 391 circuli,
1618 323 1709 392 qui
1749 323 1806 375 in

120 410 304 462 eodem
342 410 522 479 plano,
561 410 618 462 in
658 428 762 479 quo
803 414 1076 479 punctum,
1113 411 1322 479 positus
1362 429 1470 465 non
1510 414 1605 479 est,
1646 411 1805 464 ducta

119 501 265 551 recta
325 499 381 550 in
441 501 720 567 utramque
781 502 990 568 partem
1044 499 1401 569 producitur,.
1448 503 1502 553 et
1555 503 1801 552 manente

118 589 320 654 puncto
367 591 515 640 recta
560 606 656 656 per
696 587 959 640 ambitum
998 588 1182 640 circuli
1220 588 1545 642 circumacta
1582 589 1640 641 in
1682 607 1804 642 eun-

119 674 240 727 dem
287 694 469 729 rursus
516 678 691 730 locum
739 677 1068 747 restituitur,
1111 676 1252 729 unde
1298 677 1427 729 ferri
1475 681 1668 746 coepta
1708 683 1804 745 est,

121 765 456 832 superficiem
494 769 642 818 recta
680 765 1024 834 descriptam,
1071 784 1136 817 ex
1175 765 1381 818 duabus
1423 766 1801 834 superficiebus

119 853 186 904 ad
212 853 479 906 ‘uerticem
509 854 647 906 inter
679 871 735 906 se
766 854 957 927 positis
991 853 1360 923 compositam,
1400 873 1626 924 quarum
1657 858 1800 908 utra-

118 959 219 1009 que
257 942 314 994 in
353 943 624 995 infinitum
663 942 856 995 crescit
893 945 1038 995 recta
1079 942 1411 995 describente
1443 943 1500 994 in
1530 943 1801 996 infinitum

117 1029 401 1099 producta,
455 1030 872 1101 superficiem
927 1032 1212 1083 conicam
1261 1031 1491 1100 adpello,
1546 1033 1801 1085 uerticem

118 1121 297 1171 autem
339 1120 453 1172 eius
492 1122 748 1188 punctum
788 1137 1028 1188 manens,
1069 1138 1222 1172 axem
1263 1125 1442 1172 autem
1473 1122 1675 1172 rectam
1706 1140 1803 1190 per

116 1210 375 1275 punctum
407 1211 461 1260 et
500 1210 739 1260 centrum
780 1207 964 1260 circuli
1002 1207 1230 1260 ductam.

227 1386 277 1438 2.
333 1383 542 1439 Conum
597 1387 777 1437 autem
830 1385 1060 1455 figuram
1115 1385 1554 1454 comprehensam
1601 1387 1799 1441 circulo

118 1478 171 1526 et
210 1474 487 1544 superficie
526 1474 712 1527 conica
750 1474 892 1526 inter
928 1474 1185 1526 uerticem
1219 1475 1585 1543 ambitumque
1617 1477 1800 1528 circuli

117 1563 317 1631 posita,
363 1562 621 1615 uerticem
660 1565 839 1615 autem
879 1563 998 1615 coni
1036 1564 1318 1634 punctum,
1357 1564 1497 1632 quod
1537 1563 1678 1616 idem
1720 1568 1801 1617 est

116 1653 300 1704 uertex
356 1651 676 1721 superficiei,
729 1669 882 1703 axem
934 1653 1111 1703 autem
1158 1655 1360 1704 rectam
1409 1671 1439 1704 a
1487 1653 1684 1705 uertice
1733 1653 1813 1705 ad·

117 1745 361 1792 centrum
401 1740 584 1793 circuli
623 1739 859 1808 ductam,
898 1739 1071 1792 basim
1110 1744 1289 1793 autem
1330 1740 1600 1794 circulum.

228 1917 275 1970 3.
333 1916 602 1970 Oonorum
634 1934 761 1968 uero
794 1920 967 1969 rectos
1002 1915 1228 1986 adpello,
1261 1919 1351 1986 qui
1384 1936 1508 1970 axes
1542 1918 1608 1971 ad
1640 1918 1795 1972 bases

116 2005 583 2074 perpendiculares
621 2004 847 2073 habent,
895 2005 1143 2073 obliquos
1184 2008 1390 2072 autem,
1437 2007 1527 2075 qui
1567 2025 1689 2060 axes
1731 2008 1797 2060 ad

115 2094 272 2146 bases
311 2093 778 2162 perpendiculares
818 2111 927 2145 non
965 2092 1183 2145 habent.

226 2183 275 2235 4.
332 2181 516 2235 Omnis
556 2181 728 2233 lineae
768 2199 973 2244 cumae,
1015 2200 1149 2250 quae
1189 2183 1244 2234 in
1284 2201 1389 2236 uno
1429 2183 1589 2252 plano
1621 2184 1797 2252 posita

118 2273 219 2338 est,
275 2270 596 2322 diametrum
652 2269 861 2338 adpello
908 2273 1132 2339 rectam,
1188 2289 1323 2340 quae
1370 2291 1401 2324 a
1446 2272 1589 2324 linea
1634 2290 1797 2325 curua

117 2358 278 2411 ducta
309 2377 491 2412 omnes
523 2361 695 2411 rectas
727 2359 782 2409 in
814 2358 958 2410 linea
988 2359 1081 2410 illa
1110 2363 1287 2412 rectae
1320 2359 1476 2412 alicui
1507 2360 1794 2428 parallelas

118 2446 304 2499 ductas
342 2447 399 2499 in
437 2446 592 2498 binas
630 2449 811 2514 partes
846 2448 1094 2516 aequales
1129 2451 1290 2516 secat,
1328 2449 1582 2501 uerticem
1616 2451 1794 2502 autem

117 2534 287 2586 lineae
325 2534 614 2586 terminum
653 2533 810 2586 huius
849 2539 1026 2587 rectae
1057 2536 1111 2586 in
1143 2535 1300 2604 linea,
1341 2535 1581 2605 singulas
1615 2539 1792 2589 autem

116 2626 292 2674 rectas
338 2622 624 2691 parallelas
673 2622 738 2674 ad
785 2621 1103 2676 diametrum
1152 2624 1391 2678 ordinate
1439 2625 1623 2677 ductas
1664 2643 1794 2678 esse.
