<?xml version="1.0" encoding="UTF-8"?>
<!DOCTYPE html PUBLIC "-//W3C//DTD XHTML 1.0 Transitional//EN"
    "http://www.w3.org/TR/xhtml1/DTD/xhtml1-transitional.dtd">
<html xmlns="http://www.w3.org/1999/xhtml" xml:lang="en" lang="en">
 <head>
  <title>
</title>
<meta http-equiv="Content-Type" content="text/html;charset=utf-8" />
  <meta name='ocr-system' content='tesseract 3.04.00' />
  <meta name='ocr-capabilities' content='ocr_page ocr_carea ocr_par ocr_line ocrx_word'/>
</head>
<body>
  <div class='ocr_page' id='page_1' title='image "apolloniipergaei01apoluoft_0295.png"; bbox 0 0 2028 3146; ppageno 0'>
   <div class='ocr_carea' id='block_1_1' title="bbox 685 102 1840 155">
    <p class='ocr_par' dir='ltr' id='par_1_1' title="bbox 685 102 1840 155">
     <span class='ocr_line' id='line_1_1' title="bbox 685 102 1840 155; baseline 0.01 -11"><span class='ocrx_word' id='word_1_1' title='bbox 685 102 1040 145; x_wconf 81' lang='lat' dir='ltr'>OONICORUM</span> <span class='ocrx_word' id='word_1_2' title='bbox 1068 104 1250 146; x_wconf 82' lang='lat' dir='ltr'>LIBER</span> <span class='ocrx_word' id='word_1_3' title='bbox 1280 105 1336 146; x_wconf 88' lang='lat'>11.</span> <span class='ocrx_word' id='word_1_4' title='bbox 1734 103 1802 155; x_wconf 82' lang='lat'>27</span> <span class='ocrx_word' id='word_1_5' title='bbox 1811 103 1840 155; x_wconf 87' lang='lat'><strong>7</strong></span> 
     </span>
    </p>
   </div>
   <div class='ocr_carea' id='block_1_2' title="bbox 155 219 1852 2931">
    <p class='ocr_par' dir='ltr' id='par_1_2' title="bbox 157 219 1844 464">
     <span class='ocr_line' id='line_1_2' title="bbox 161 219 1843 290; baseline 0.002 -18"><span class='ocrx_word' id='word_1_6' title='bbox 161 219 295 289; x_wconf 84' lang='lat' dir='ltr'>[dat.</span> <span class='ocrx_word' id='word_1_7' title='bbox 350 220 469 286; x_wconf 85' lang='lat'>29].</span> <span class='ocrx_word' id='word_1_8' title='bbox 561 239 723 290; x_wconf 85' lang='lat' dir='ltr'>quare</span> <span class='ocrx_word' id='word_1_9' title='bbox 780 225 833 273; x_wconf 89' lang='lat' dir='ltr'><em>A</em></span> <span class='ocrx_word' id='word_1_10' title='bbox 888 222 1075 273; x_wconf 82' lang='lat' dir='ltr'>datum</span> <span class='ocrx_word' id='word_1_11' title='bbox 1130 225 1212 275; x_wconf 90' lang='lat' dir='ltr'>est</span> <span class='ocrx_word' id='word_1_12' title='bbox 1260 223 1396 288; x_wconf 85' lang='lat' dir='ltr'>[dat.</span> <span class='ocrx_word' id='word_1_13' title='bbox 1445 223 1564 290; x_wconf 89' lang='grc'><strong>25].</strong></span> <span class='ocrx_word' id='word_1_14' title='bbox 1656 242 1843 276; x_wconf 89' lang='lat' dir='ltr'>uerum</span> 
     </span>
     <span class='ocr_line' id='line_1_3' title="bbox 157 308 1844 380; baseline 0.002 -20"><span class='ocrx_word' id='word_1_15' title='bbox 157 308 320 360; x_wconf 85' lang='lat' dir='ltr'>etiam</span> <span class='ocrx_word' id='word_1_16' title='bbox 373 311 426 360; x_wconf 88' lang='lat' dir='ltr'><em>E</em></span> <span class='ocrx_word' id='word_1_17' title='bbox 484 308 667 361; x_wconf 87' lang='lat' dir='ltr'>datum</span> <span class='ocrx_word' id='word_1_18' title='bbox 722 312 815 363; x_wconf 89' lang='lat' dir='ltr'>est.</span> <span class='ocrx_word' id='word_1_19' title='bbox 908 326 1037 377; x_wconf 89' lang='lat' dir='ltr'>ergo</span> <span class='ocrx_word' id='word_1_20' title='bbox 1094 312 1209 363; x_wconf 90' lang='grc' dir='ltr'>ΑΕ</span> <span class='ocrx_word' id='word_1_21' title='bbox 1257 311 1526 380; x_wconf 72' lang='lat' dir='ltr'>positione</span> <span class='ocrx_word' id='word_1_22' title='bbox 1581 311 1707 364; x_wconf 89' lang='lat' dir='ltr'>data</span> <span class='ocrx_word' id='word_1_23' title='bbox 1761 315 1844 364; x_wconf 91' lang='lat' dir='ltr'>est</span> 
     </span>
     <span class='ocr_line' id='line_1_4' title="bbox 160 395 441 464; baseline 0.004 -16"><span class='ocrx_word' id='word_1_24' title='bbox 160 395 288 462; x_wconf 90' lang='lat' dir='ltr'>[dat.</span> <span class='ocrx_word' id='word_1_25' title='bbox 328 396 441 464; x_wconf 83' lang='grc'><strong>26].</strong></span> 
     </span>
    </p>

    <p class='ocr_par' dir='ltr' id='par_1_3' title="bbox 155 484 1844 733">
     <span class='ocr_line' id='line_1_5' title="bbox 269 484 1844 557; baseline 0.003 -21"><span class='ocrx_word' id='word_1_26' title='bbox 269 487 619 552; x_wconf 75' lang='lat' dir='ltr'>componetur</span> <span class='ocrx_word' id='word_1_27' title='bbox 664 484 767 538; x_wconf 87' lang='lat' dir='ltr'>hoc</span> <span class='ocrx_word' id='word_1_28' title='bbox 812 485 992 538; x_wconf 91' lang='lat' dir='ltr'>modo:</span> <span class='ocrx_word' id='word_1_29' title='bbox 1041 490 1276 555; x_wconf 89' lang='lat' dir='ltr'>ponatur</span> <span class='ocrx_word' id='word_1_30' title='bbox 1313 490 1426 539; x_wconf 87' lang='lat' dir='ltr'>BA</span> <span class='ocrx_word' id='word_1_31' title='bbox 1452 513 1520 530; x_wconf 90' lang='lat'>=</span> <span class='ocrx_word' id='word_1_32' title='bbox 1546 491 1671 557; x_wconf 91' lang='grc' dir='ltr'>ΒΕ,</span> <span class='ocrx_word' id='word_1_33' title='bbox 1719 491 1774 541; x_wconf 88' lang='lat' dir='ltr'>et</span> <span class='ocrx_word' id='word_1_34' title='bbox 1813 507 1844 541; x_wconf 91' lang='lat' dir='ltr'>a</span> 
     </span>
     <span class='ocr_line' id='line_1_6' title="bbox 157 572 1844 646; baseline 0.002 -21"><span class='ocrx_word' id='word_1_35' title='bbox 157 577 212 625; x_wconf 84' lang='lat' dir='ltr'><em>A</em></span> <span class='ocrx_word' id='word_1_36' title='bbox 261 572 327 625; x_wconf 89' lang='lat' dir='ltr'>ad</span> <span class='ocrx_word' id='word_1_37' title='bbox 373 575 487 624; x_wconf 85' lang='lat' dir='ltr'>EA</span> <span class='ocrx_word' id='word_1_38' title='bbox 532 573 991 642; x_wconf 83' lang='lat' dir='ltr'>perpendicularis</span> <span class='ocrx_word' id='word_1_39' title='bbox 1039 574 1278 644; x_wconf 86' lang='lat' dir='ltr'>erigatur</span> <span class='ocrx_word' id='word_1_40' title='bbox 1325 581 1465 645; x_wconf 86' lang='lat' dir='ltr'>AA,</span> <span class='ocrx_word' id='word_1_41' title='bbox 1513 577 1844 646; x_wconf 88' lang='lat' dir='ltr'>ducaturque</span> 
     </span>
     <span class='ocr_line' id='line_1_7' title="bbox 155 660 1699 733; baseline 0.004 -21"><span class='ocrx_word' id='word_1_42' title='bbox 155 664 280 713; x_wconf 88' lang='lat' dir='ltr'>AE.</span> <span class='ocrx_word' id='word_1_43' title='bbox 359 660 705 714; x_wconf 79' lang='lat' dir='ltr'>manifestum</span> <span class='ocrx_word' id='word_1_44' title='bbox 744 661 934 732; x_wconf 83' lang='lat' dir='ltr'>igitur,</span> <span class='ocrx_word' id='word_1_45' title='bbox 973 665 1097 714; x_wconf 89' lang='lat' dir='ltr'>AE·</span> <span class='ocrx_word' id='word_1_46' title='bbox 1124 663 1435 733; x_wconf 88' lang='lat' dir='ltr'>contingere</span> <span class='ocrx_word' id='word_1_47' title='bbox 1478 663 1549 733; x_wconf 86' lang='lat' dir='ltr'>[I,</span> <span class='ocrx_word' id='word_1_48' title='bbox 1589 665 1699 731; x_wconf 77' lang='grc'><strong>35].</strong></span> 
     </span>
    </p>

    <p class='ocr_par' dir='ltr' id='par_1_4' title="bbox 155 749 1844 997">
     <span class='ocr_line' id='line_1_8' title="bbox 256 749 1844 822; baseline 0 -17"><span class='ocrx_word' id='word_1_49' title='bbox 256 751 322 805; x_wconf 86' lang='lat' dir='ltr'>.et</span> <span class='ocrx_word' id='word_1_50' title='bbox 359 749 706 811; x_wconf 86' lang='lat' dir='ltr'>manifestum</span> <span class='ocrx_word' id='word_1_51' title='bbox 747 754 851 819; x_wconf 81' lang='lat' dir='ltr'>est,</span> <span class='ocrx_word' id='word_1_52' title='bbox 891 750 1054 803; x_wconf 87' lang='lat' dir='ltr'>etiam</span> <span class='ocrx_word' id='word_1_53' title='bbox 1096 752 1142 804; x_wconf 90' lang='lat' dir='ltr'>si</span> <span class='ocrx_word' id='word_1_54' title='bbox 1179 752 1364 804; x_wconf 88' lang='lat' dir='ltr'>datum</span> <span class='ocrx_word' id='word_1_55' title='bbox 1403 755 1664 822; x_wconf 90' lang='lat' dir='ltr'>punctum</span> <span class='ocrx_word' id='word_1_56' title='bbox 1702 753 1844 805; x_wconf 92' lang='lat' dir='ltr'>idem</span> 
     </span>
     <span class='ocr_line' id='line_1_9' title="bbox 156 838 1844 908; baseline 0.002 -18"><span class='ocrx_word' id='word_1_57' title='bbox 156 838 230 890; x_wconf 91' lang='lat' dir='ltr'>sit</span> <span class='ocrx_word' id='word_1_58' title='bbox 276 855 337 891; x_wconf 88' lang='lat' dir='ltr'>ac</span> <span class='ocrx_word' id='word_1_59' title='bbox 383 841 453 907; x_wconf 92' lang='grc' dir='ltr'>Β,</span> <span class='ocrx_word' id='word_1_60' title='bbox 503 840 707 891; x_wconf 88' lang='lat' dir='ltr'>rectam</span> <span class='ocrx_word' id='word_1_61' title='bbox 755 858 787 891; x_wconf 91' lang='lat' dir='ltr'>a</span> <span class='ocrx_word' id='word_1_62' title='bbox 832 841 880 890; x_wconf 93' lang='grc' dir='ltr'><strong><em>Β</em></strong></span> <span class='ocrx_word' id='word_1_63' title='bbox 926 839 1424 908; x_wconf 84' lang='lat' dir='ltr'>perpendicularem</span> <span class='ocrx_word' id='word_1_64' title='bbox 1472 841 1687 894; x_wconf 86' lang='lat' dir='ltr'>ductam</span> <span class='ocrx_word' id='word_1_65' title='bbox 1736 859 1844 894; x_wconf 89' lang='lat' dir='ltr'>sec—</span> 
     </span>
     <span class='ocr_line' id='line_1_10' title="bbox 155 926 974 997; baseline 0.002 -19"><span class='ocrx_word' id='word_1_66' title='bbox 155 926 359 979; x_wconf 86' lang='lat' dir='ltr'>tionem</span> <span class='ocrx_word' id='word_1_67' title='bbox 400 927 712 997; x_wconf 87' lang='lat' dir='ltr'>contingere</span> <span class='ocrx_word' id='word_1_68' title='bbox 754 926 823 996; x_wconf 87' lang='lat'>[1,</span> <span class='ocrx_word' id='word_1_69' title='bbox 866 927 974 995; x_wconf 83' lang='grc'><strong>17].</strong></span> 
     </span>
    </p>

    <p class='ocr_par' dir='ltr' id='par_1_5' title="bbox 156 1013 1848 1878">
     <span class='ocr_line' id='line_1_11' title="bbox 266 1013 1845 1085; baseline 0.001 -18"><span class='ocrx_word' id='word_1_70' title='bbox 266 1014 377 1067; x_wconf 87' lang='lat' dir='ltr'>iam</span> <span class='ocrx_word' id='word_1_71' title='bbox 424 1014 495 1067; x_wconf 91' lang='lat' dir='ltr'>sit</span> <span class='ocrx_word' id='word_1_72' title='bbox 540 1016 593 1066; x_wconf 94' lang='grc' dir='ltr'><em>Γ</em></span> <span class='ocrx_word' id='word_1_73' title='bbox 631 1016 891 1082; x_wconf 89' lang='lat' dir='ltr'>punctum</span> <span class='ocrx_word' id='word_1_74' title='bbox 937 1013 1146 1083; x_wconf 85' lang='lat' dir='ltr'>datum,</span> <span class='ocrx_word' id='word_1_75' title='bbox 1194 1017 1248 1067; x_wconf 89' lang='lat' dir='ltr'>et</span> <span class='ocrx_word' id='word_1_76' title='bbox 1284 1015 1494 1068; x_wconf 86' lang='lat' dir='ltr'>factum</span> <span class='ocrx_word' id='word_1_77' title='bbox 1534 1015 1627 1084; x_wconf 83' lang='lat' dir='ltr'>sit,</span> <span class='ocrx_word' id='word_1_78' title='bbox 1670 1016 1845 1085; x_wconf 87' lang='lat' dir='ltr'>sitque</span> 
     </span>
     <span class='ocr_line' id='line_1_12' title="bbox 157 1101 1846 1173; baseline 0 -17"><span class='ocrx_word' id='word_1_79' title='bbox 157 1104 287 1171; x_wconf 89' lang='grc' dir='ltr'>ΓΛ,</span> <span class='ocrx_word' id='word_1_80' title='bbox 326 1119 423 1171; x_wconf 91' lang='lat' dir='ltr'>per</span> <span class='ocrx_word' id='word_1_81' title='bbox 461 1104 514 1154; x_wconf 92' lang='grc' dir='ltr'><strong><em>Γ</em></strong></span> <span class='ocrx_word' id='word_1_82' title='bbox 546 1106 727 1155; x_wconf 87' lang='lat' dir='ltr'>autem</span> <span class='ocrx_word' id='word_1_83' title='bbox 767 1101 874 1167; x_wconf 88' lang='lat' dir='ltr'>axi,</span> <span class='ocrx_word' id='word_1_84' title='bbox 921 1101 1024 1155; x_wconf 85' lang='lat' dir='ltr'>hoc</span> <span class='ocrx_word' id='word_1_85' title='bbox 1063 1104 1146 1154; x_wconf 88' lang='lat' dir='ltr'>est</span> <span class='ocrx_word' id='word_1_86' title='bbox 1183 1105 1361 1155; x_wconf 87' lang='lat' dir='ltr'>rectae</span> <span class='ocrx_word' id='word_1_87' title='bbox 1400 1107 1537 1173; x_wconf 85' lang='lat' dir='ltr'>BA,</span> <span class='ocrx_word' id='word_1_88' title='bbox 1582 1104 1846 1173; x_wconf 87' lang='lat' dir='ltr'>parallela</span> 
     </span>
     <span class='ocr_line' id='line_1_13' title="bbox 156 1190 1846 1259; baseline 0.001 -16"><span class='ocrx_word' id='word_1_89' title='bbox 156 1191 382 1244; x_wconf 90' lang='lat' dir='ltr'>ducatur</span> <span class='ocrx_word' id='word_1_90' title='bbox 421 1192 542 1257; x_wconf 84' lang='grc' dir='ltr'>ΓΖ;</span> <span class='ocrx_word' id='word_1_91' title='bbox 588 1190 770 1259; x_wconf 87' lang='lat' dir='ltr'>itaque</span> <span class='ocrx_word' id='word_1_92' title='bbox 809 1192 911 1242; x_wconf 91' lang='grc' dir='ltr'>ΓΖ</span> <span class='ocrx_word' id='word_1_93' title='bbox 957 1190 1224 1258; x_wconf 75' lang='lat' dir='ltr'>positione</span> <span class='ocrx_word' id='word_1_94' title='bbox 1273 1191 1399 1245; x_wconf 88' lang='lat' dir='ltr'>data</span> <span class='ocrx_word' id='word_1_95' title='bbox 1438 1195 1520 1245; x_wconf 92' lang='lat' dir='ltr'>est</span> <span class='ocrx_word' id='word_1_96' title='bbox 1559 1191 1692 1258; x_wconf 87' lang='lat' dir='ltr'>[dat.</span> <span class='ocrx_word' id='word_1_97' title='bbox 1733 1193 1846 1258; x_wconf 87' lang='grc'><strong>28].</strong></span> 
     </span>
     <span class='ocr_line' id='line_1_14' title="bbox 156 1278 1847 1349; baseline 0 -18"><span class='ocrx_word' id='word_1_98' title='bbox 156 1283 210 1332; x_wconf 90' lang='lat' dir='ltr'>et</span> <span class='ocrx_word' id='word_1_99' title='bbox 264 1279 330 1331; x_wconf 89' lang='lat' dir='ltr'>ab</span> <span class='ocrx_word' id='word_1_100' title='bbox 377 1284 430 1331; x_wconf 90' lang='lat' dir='ltr'><em>A</em></span> <span class='ocrx_word' id='word_1_101' title='bbox 484 1279 552 1331; x_wconf 90' lang='lat' dir='ltr'>ad</span> <span class='ocrx_word' id='word_1_102' title='bbox 599 1281 699 1331; x_wconf 93' lang='grc' dir='ltr'>ΓΖ</span> <span class='ocrx_word' id='word_1_103' title='bbox 753 1278 996 1331; x_wconf 88' lang='lat' dir='ltr'>ordinate</span> <span class='ocrx_word' id='word_1_104' title='bbox 1050 1278 1274 1331; x_wconf 90' lang='lat' dir='ltr'>ducatur</span> <span class='ocrx_word' id='word_1_105' title='bbox 1319 1283 1450 1349; x_wconf 67' lang='grc' dir='ltr'>ΛΖ,</span> <span class='ocrx_word' id='word_1_106' title='bbox 1504 1281 1687 1349; x_wconf 89' lang='lat' dir='ltr'>itaque</span> <span class='ocrx_word' id='word_1_107' title='bbox 1743 1279 1847 1332; x_wconf 89' lang='lat' dir='ltr'>erit</span> 
     </span>
     <span class='ocr_line' id='line_1_15' title="bbox 158 1366 1845 1437; baseline 0.001 -18"><span class='ocrx_word' id='word_1_108' title='bbox 158 1366 219 1437; x_wconf 89' lang='lat' dir='ltr'>[I,</span> <span class='ocrx_word' id='word_1_109' title='bbox 251 1367 344 1433; x_wconf 84' lang='lat'>35]</span> <span class='ocrx_word' id='word_1_110' title='bbox 380 1369 501 1420; x_wconf 94' lang='grc' dir='ltr'>ΓΗ</span> <span class='ocrx_word' id='word_1_111' title='bbox 517 1393 584 1410; x_wconf 85' lang='grc'>---</span> <span class='ocrx_word' id='word_1_112' title='bbox 612 1370 738 1420; x_wconf 90' lang='grc' dir='ltr'><strong>ΖΗ.</strong></span> <span class='ocrx_word' id='word_1_113' title='bbox 799 1370 854 1420; x_wconf 90' lang='lat' dir='ltr'>et</span> <span class='ocrx_word' id='word_1_114' title='bbox 891 1370 953 1420; x_wconf 90' lang='lat' dir='ltr'><em>H</em></span> <span class='ocrx_word' id='word_1_115' title='bbox 989 1367 1173 1420; x_wconf 88' lang='lat' dir='ltr'>datum</span> <span class='ocrx_word' id='word_1_116' title='bbox 1215 1370 1298 1420; x_wconf 88' lang='lat' dir='ltr'>est</span> <span class='ocrx_word' id='word_1_117' title='bbox 1338 1368 1465 1435; x_wconf 91' lang='lat' dir='ltr'>[dat.</span> <span class='ocrx_word' id='word_1_118' title='bbox 1500 1369 1621 1437; x_wconf 84' lang='grc'><strong>25];</strong></span> <span class='ocrx_word' id='word_1_119' title='bbox 1661 1369 1845 1437; x_wconf 91' lang='lat' dir='ltr'>itaque</span> 
     </span>
     <span class='ocr_line' id='line_1_16' title="bbox 158 1455 1846 1522; baseline 0.001 -14"><span class='ocrx_word' id='word_1_120' title='bbox 158 1457 321 1509; x_wconf 88' lang='lat' dir='ltr'>etiam</span> <span class='ocrx_word' id='word_1_121' title='bbox 361 1460 407 1508; x_wconf 93' lang='lat' dir='ltr'>Z</span> <span class='ocrx_word' id='word_1_122' title='bbox 447 1456 633 1509; x_wconf 87' lang='lat' dir='ltr'>datum</span> <span class='ocrx_word' id='word_1_123' title='bbox 673 1459 755 1508; x_wconf 85' lang='lat' dir='ltr'>est</span> <span class='ocrx_word' id='word_1_124' title='bbox 796 1455 925 1522; x_wconf 85' lang='lat' dir='ltr'>[dat.</span> <span class='ocrx_word' id='word_1_125' title='bbox 963 1456 1075 1522; x_wconf 85' lang='grc'><strong>27].</strong></span> <span class='ocrx_word' id='word_1_126' title='bbox 1138 1460 1193 1509; x_wconf 88' lang='lat' dir='ltr'>et</span> <span class='ocrx_word' id='word_1_127' title='bbox 1232 1459 1340 1508; x_wconf 90' lang='lat' dir='ltr'>ZA</span> <span class='ocrx_word' id='word_1_128' title='bbox 1380 1457 1626 1509; x_wconf 90' lang='lat' dir='ltr'>ordinate</span> <span class='ocrx_word' id='word_1_129' title='bbox 1668 1460 1846 1509; x_wconf 90' lang='lat' dir='ltr'>erecta</span> 
     </span>
     <span class='ocr_line' id='line_1_17' title="bbox 158 1544 1846 1615; baseline 0 -18"><span class='ocrx_word' id='word_1_130' title='bbox 158 1548 254 1613; x_wconf 84' lang='lat' dir='ltr'>est,</span> <span class='ocrx_word' id='word_1_131' title='bbox 292 1545 394 1597; x_wconf 89' lang='lat' dir='ltr'>hoc</span> <span class='ocrx_word' id='word_1_132' title='bbox 434 1548 516 1597; x_wconf 91' lang='lat' dir='ltr'>est</span> <span class='ocrx_word' id='word_1_133' title='bbox 553 1547 729 1598; x_wconf 87' lang='lat' dir='ltr'>rectae</span> <span class='ocrx_word' id='word_1_134' title='bbox 767 1544 824 1596; x_wconf 90' lang='lat' dir='ltr'>in</span> <span class='ocrx_word' id='word_1_135' title='bbox 864 1547 928 1596; x_wconf 91' lang='lat' dir='ltr'><em>H</em></span> <span class='ocrx_word' id='word_1_136' title='bbox 960 1544 1300 1613; x_wconf 84' lang='lat' dir='ltr'>contingenti</span> <span class='ocrx_word' id='word_1_137' title='bbox 1335 1545 1623 1615; x_wconf 80' lang='lat' dir='ltr'>parallela3</span> <span class='ocrx_word' id='word_1_138' title='bbox 1661 1545 1846 1613; x_wconf 89' lang='lat' dir='ltr'>itaque</span> 
     </span>
     <span class='ocr_line' id='line_1_18' title="bbox 158 1632 1848 1702; baseline -0.001 -17"><span class='ocrx_word' id='word_1_139' title='bbox 158 1637 265 1685; x_wconf 89' lang='lat' dir='ltr'>ZA</span> <span class='ocrx_word' id='word_1_140' title='bbox 304 1632 574 1702; x_wconf 87' lang='lat' dir='ltr'>positione</span> <span class='ocrx_word' id='word_1_141' title='bbox 613 1633 740 1685; x_wconf 88' lang='lat' dir='ltr'>data</span> <span class='ocrx_word' id='word_1_142' title='bbox 779 1636 862 1685; x_wconf 88' lang='lat' dir='ltr'>est</span> <span class='ocrx_word' id='word_1_143' title='bbox 900 1632 1031 1698; x_wconf 90' lang='lat' dir='ltr'>[dat.</span> <span class='ocrx_word' id='word_1_144' title='bbox 1069 1633 1181 1699; x_wconf 87' lang='grc'><strong>28].</strong></span> <span class='ocrx_word' id='word_1_145' title='bbox 1243 1651 1407 1702; x_wconf 89' lang='lat' dir='ltr'>quare</span> <span class='ocrx_word' id='word_1_146' title='bbox 1446 1638 1500 1686; x_wconf 89' lang='lat' dir='ltr'><em>A</em></span> <span class='ocrx_word' id='word_1_147' title='bbox 1539 1633 1724 1686; x_wconf 88' lang='lat' dir='ltr'>datum</span> <span class='ocrx_word' id='word_1_148' title='bbox 1765 1635 1848 1684; x_wconf 88' lang='lat' dir='ltr'>est</span> 
     </span>
     <span class='ocr_line' id='line_1_19' title="bbox 159 1720 1848 1790; baseline -0.001 -17"><span class='ocrx_word' id='word_1_149' title='bbox 159 1721 291 1787; x_wconf 90' lang='lat' dir='ltr'>[dat.</span> <span class='ocrx_word' id='word_1_150' title='bbox 344 1720 455 1786; x_wconf 86' lang='grc'><strong>25].</strong></span> <span class='ocrx_word' id='word_1_151' title='bbox 547 1738 733 1773; x_wconf 89' lang='lat' dir='ltr'>uerum</span> <span class='ocrx_word' id='word_1_152' title='bbox 796 1721 961 1773; x_wconf 88' lang='lat' dir='ltr'>etiam</span> <span class='ocrx_word' id='word_1_153' title='bbox 1015 1722 1069 1772; x_wconf 94' lang='grc' dir='ltr'>Γ</span> <span class='ocrx_word' id='word_1_154' title='bbox 1124 1721 1309 1773; x_wconf 88' lang='lat' dir='ltr'>datum</span> <span class='ocrx_word' id='word_1_155' title='bbox 1373 1724 1470 1774; x_wconf 83' lang='lat' dir='ltr'>est.</span> <span class='ocrx_word' id='word_1_156' title='bbox 1555 1737 1684 1790; x_wconf 89' lang='lat' dir='ltr'>ergo</span> <span class='ocrx_word' id='word_1_157' title='bbox 1740 1722 1848 1772; x_wconf 89' lang='grc' dir='ltr'>ΓΑ</span> 
     </span>
     <span class='ocr_line' id='line_1_20' title="bbox 161 1809 1037 1878; baseline 0.001 -17"><span class='ocrx_word' id='word_1_158' title='bbox 161 1810 427 1878; x_wconf 87' lang='lat' dir='ltr'>positione</span> <span class='ocrx_word' id='word_1_159' title='bbox 468 1809 593 1860; x_wconf 89' lang='lat' dir='ltr'>data</span> <span class='ocrx_word' id='word_1_160' title='bbox 634 1812 716 1861; x_wconf 89' lang='lat' dir='ltr'>est</span> <span class='ocrx_word' id='word_1_161' title='bbox 756 1809 883 1874; x_wconf 89' lang='lat' dir='ltr'>[dat.</span> <span class='ocrx_word' id='word_1_162' title='bbox 924 1809 1037 1875; x_wconf 86' lang='grc'><strong>26].</strong></span> 
     </span>
    </p>

    <p class='ocr_par' dir='ltr' id='par_1_6' title="bbox 159 1882 1852 2301">
     <span class='ocr_line' id='line_1_21' title="bbox 272 1882 1847 1966; baseline 0 -17"><span class='ocrx_word' id='word_1_163' title='bbox 272 1901 623 1966; x_wconf 84' lang='lat' dir='ltr'>componetur</span> <span class='ocrx_word' id='word_1_164' title='bbox 661 1897 763 1950; x_wconf 88' lang='lat' dir='ltr'>hoc</span> <span class='ocrx_word' id='word_1_165' title='bbox 802 1897 985 1949; x_wconf 91' lang='lat' dir='ltr'>modo:</span> <span class='ocrx_word' id='word_1_166' title='bbox 1023 1915 1120 1966; x_wconf 90' lang='lat' dir='ltr'>per</span> <span class='ocrx_word' id='word_1_167' title='bbox 1153 1899 1206 1949; x_wconf 95' lang='grc' dir='ltr'>Γ</span> <span class='ocrx_word' id='word_1_168' title='bbox 1227 1882 1555 1950; x_wconf 54' lang='grc' dir='ltr'>ΥεαὺᾶἁΒΔ</span> <span class='ocrx_word' id='word_1_169' title='bbox 1586 1897 1847 1965; x_wconf 86' lang='lat' dir='ltr'>parallela</span> 
     </span>
     <span class='ocr_line' id='line_1_22' title="bbox 159 1985 1852 2055; baseline 0.001 -19"><span class='ocrx_word' id='word_1_170' title='bbox 159 1985 382 2037; x_wconf 89' lang='lat' dir='ltr'>ducatur</span> <span class='ocrx_word' id='word_1_171' title='bbox 421 1987 543 2054; x_wconf 92' lang='grc' dir='ltr'>ΓΖ,</span> <span class='ocrx_word' id='word_1_172' title='bbox 589 1987 644 2037; x_wconf 92' lang='lat' dir='ltr'>et</span> <span class='ocrx_word' id='word_1_173' title='bbox 689 1986 921 2053; x_wconf 89' lang='lat' dir='ltr'>ponatur</span> <span class='ocrx_word' id='word_1_174' title='bbox 961 1987 1079 2036; x_wconf 93' lang='lat' dir='ltr'>ZH</span> <span class='ocrx_word' id='word_1_175' title='bbox 1098 2009 1166 2026; x_wconf 83' lang='lat'><strong><em>=</em></strong></span> <span class='ocrx_word' id='word_1_176' title='bbox 1192 1986 1324 2052; x_wconf 89' lang='grc' dir='ltr'>ΓΗ,</span> <span class='ocrx_word' id='word_1_177' title='bbox 1369 1988 1652 2055; x_wconf 90' lang='lat' dir='ltr'>rectaeque</span> <span class='ocrx_word' id='word_1_178' title='bbox 1694 1985 1751 2037; x_wconf 92' lang='lat' dir='ltr'>in</span> <span class='ocrx_word' id='word_1_179' title='bbox 1789 1985 1852 2036; x_wconf 92' lang='lat' dir='ltr'><em>H</em></span> 
     </span>
     <span class='ocr_line' id='line_1_23' title="bbox 159 2071 1843 2142; baseline -0.001 -16"><span class='ocrx_word' id='word_1_180' title='bbox 159 2073 495 2142; x_wconf 86' lang='lat' dir='ltr'>contingenti</span> <span class='ocrx_word' id='word_1_181' title='bbox 547 2073 810 2142; x_wconf 87' lang='lat' dir='ltr'>parallela</span> <span class='ocrx_word' id='word_1_182' title='bbox 864 2071 1088 2125; x_wconf 87' lang='lat' dir='ltr'>ducatur</span> <span class='ocrx_word' id='word_1_183' title='bbox 1142 2076 1270 2142; x_wconf 89' lang='lat' dir='ltr'>ZA‚</span> <span class='ocrx_word' id='word_1_184' title='bbox 1332 2073 1660 2141; x_wconf 78' lang='lat' dir='ltr'>ducatu‘rque</span> <span class='ocrx_word' id='word_1_185' title='bbox 1724 2075 1843 2125; x_wconf 87' lang='grc' dir='ltr'>ΑΓ.</span> 
     </span>
     <span class='ocr_line' id='line_1_24' title="bbox 160 2159 1844 2230; baseline 0 -17"><span class='ocrx_word' id='word_1_186' title='bbox 160 2161 509 2214; x_wconf 85' lang='lat' dir='ltr'>manifestum</span> <span class='ocrx_word' id='word_1_187' title='bbox 570 2161 739 2230; x_wconf 86' lang='lat' dir='ltr'>igitur</span> <span class='ocrx_word' id='word_1_188' title='bbox 795 2159 868 2228; x_wconf 86' lang='lat' dir='ltr'>[I,</span> <span class='ocrx_word' id='word_1_189' title='bbox 922 2160 1042 2228; x_wconf 83' lang='lat'>35],</span> <span class='ocrx_word' id='word_1_190' title='bbox 1103 2161 1242 2214; x_wconf 89' lang='lat' dir='ltr'>hanc</span> <span class='ocrx_word' id='word_1_191' title='bbox 1293 2162 1576 2229; x_wconf 83' lang='lat' dir='ltr'>problema</span> <span class='ocrx_word' id='word_1_192' title='bbox 1634 2161 1844 2213; x_wconf 86' lang='lat' dir='ltr'>effectu-</span> 
     </span>
     <span class='ocr_line' id='line_1_25' title="bbox 163 2267 450 2301; baseline 0 -1"><span class='ocrx_word' id='word_1_193' title='bbox 163 2267 280 2300; x_wconf 91' lang='lat' dir='ltr'>ram</span> <span class='ocrx_word' id='word_1_194' title='bbox 321 2267 450 2301; x_wconf 89' lang='lat' dir='ltr'>esse.</span> 
     </span>
    </p>

    <p class='ocr_par' dir='ltr' id='par_1_7' title="bbox 161 2336 1850 2931">
     <span class='ocr_line' id='line_1_26' title="bbox 270 2336 1846 2406; baseline -0.001 -17"><span class='ocrx_word' id='word_1_195' title='bbox 270 2336 476 2389; x_wconf 86' lang='lat' dir='ltr'>Rursus</span> <span class='ocrx_word' id='word_1_196' title='bbox 510 2337 580 2389; x_wconf 90' lang='lat' dir='ltr'>sit</span> <span class='ocrx_word' id='word_1_197' title='bbox 610 2337 921 2405; x_wconf 81' lang='lat' dir='ltr'>hyperbola‚</span> <span class='ocrx_word' id='word_1_198' title='bbox 961 2337 1108 2389; x_wconf 87' lang='lat' dir='ltr'>cuius</span> <span class='ocrx_word' id='word_1_199' title='bbox 1143 2337 1255 2389; x_wconf 85' lang='lat' dir='ltr'>axis</span> <span class='ocrx_word' id='word_1_200' title='bbox 1290 2339 1362 2390; x_wconf 90' lang='lat' dir='ltr'>sit</span> <span class='ocrx_word' id='word_1_201' title='bbox 1395 2340 1574 2406; x_wconf 88' lang='grc' dir='ltr'>ΔΒΓ,</span> <span class='ocrx_word' id='word_1_202' title='bbox 1607 2339 1846 2390; x_wconf 88' lang='lat' dir='ltr'>centrum</span> 
     </span>
     <span class='ocr_line' id='line_1_27' title="bbox 162 2423 1849 2493; baseline 0 -17"><span class='ocrx_word' id='word_1_203' title='bbox 162 2427 341 2477; x_wconf 90' lang='lat' dir='ltr'>autem</span> <span class='ocrx_word' id='word_1_204' title='bbox 381 2427 449 2491; x_wconf 78' lang='grc' dir='ltr'>Θ,</span> <span class='ocrx_word' id='word_1_205' title='bbox 498 2427 835 2493; x_wconf 85' lang='lat' dir='ltr'>asymptotae</span> <span class='ocrx_word' id='word_1_206' title='bbox 883 2427 1063 2476; x_wconf 88' lang='lat' dir='ltr'>autem</span> <span class='ocrx_word' id='word_1_207' title='bbox 1102 2427 1219 2492; x_wconf 82' lang='grc' dir='ltr'>ΘΕ,</span> <span class='ocrx_word' id='word_1_208' title='bbox 1259 2428 1374 2476; x_wconf 78' lang='grc' dir='ltr'><strong>ΘΖ.</strong></span> <span class='ocrx_word' id='word_1_209' title='bbox 1453 2424 1638 2477; x_wconf 89' lang='lat' dir='ltr'>datum</span> <span class='ocrx_word' id='word_1_210' title='bbox 1677 2423 1849 2492; x_wconf 87' lang='lat' dir='ltr'>igitur</span> 
     </span>
     <span class='ocr_line' id='line_1_28' title="bbox 161 2509 1847 2580; baseline 0 -17"><span class='ocrx_word' id='word_1_211' title='bbox 161 2514 417 2580; x_wconf 89' lang='lat' dir='ltr'>punctum</span> <span class='ocrx_word' id='word_1_212' title='bbox 458 2513 551 2563; x_wconf 89' lang='lat' dir='ltr'>aut</span> <span class='ocrx_word' id='word_1_213' title='bbox 588 2510 646 2562; x_wconf 89' lang='lat' dir='ltr'>in</span> <span class='ocrx_word' id='word_1_214' title='bbox 687 2511 921 2563; x_wconf 86' lang='lat' dir='ltr'>sectione</span> <span class='ocrx_word' id='word_1_215' title='bbox 962 2509 1177 2563; x_wconf 88' lang='lat' dir='ltr'>dabitur</span> <span class='ocrx_word' id='word_1_216' title='bbox 1216 2514 1309 2563; x_wconf 87' lang='lat' dir='ltr'>aut</span> <span class='ocrx_word' id='word_1_217' title='bbox 1347 2512 1403 2562; x_wconf 92' lang='lat' dir='ltr'>in</span> <span class='ocrx_word' id='word_1_218' title='bbox 1443 2529 1538 2563; x_wconf 87' lang='lat' dir='ltr'>axe</span> <span class='ocrx_word' id='word_1_219' title='bbox 1579 2513 1673 2563; x_wconf 87' lang='lat' dir='ltr'>aut</span> <span class='ocrx_word' id='word_1_220' title='bbox 1703 2511 1847 2564; x_wconf 87' lang='lat' dir='ltr'>intra</span> 
     </span>
     <span class='ocr_line' id='line_1_29' title="bbox 163 2598 1847 2667; baseline 0.001 -18"><span class='ocrx_word' id='word_1_221' title='bbox 163 2599 417 2667; x_wconf 83' lang='lat' dir='ltr'>angulum</span> <span class='ocrx_word' id='word_1_222' title='bbox 465 2602 621 2651; x_wconf 79' lang='grc' dir='ltr'>ΕΘΖ</span> <span class='ocrx_word' id='word_1_223' title='bbox 669 2602 762 2651; x_wconf 90' lang='lat' dir='ltr'>aut</span> <span class='ocrx_word' id='word_1_224' title='bbox 808 2599 866 2650; x_wconf 90' lang='lat' dir='ltr'>in</span> <span class='ocrx_word' id='word_1_225' title='bbox 914 2599 1089 2667; x_wconf 89' lang='lat' dir='ltr'>spatio</span> <span class='ocrx_word' id='word_1_226' title='bbox 1138 2598 1384 2667; x_wconf 86' lang='lat' dir='ltr'>deinceps</span> <span class='ocrx_word' id='word_1_227' title='bbox 1431 2599 1610 2667; x_wconf 88' lang='lat' dir='ltr'>posito</span> <span class='ocrx_word' id='word_1_228' title='bbox 1657 2602 1750 2651; x_wconf 89' lang='lat' dir='ltr'>aut</span> <span class='ocrx_word' id='word_1_229' title='bbox 1789 2600 1847 2651; x_wconf 89' lang='lat' dir='ltr'>in</span> 
     </span>
     <span class='ocr_line' id='line_1_30' title="bbox 164 2685 1847 2755; baseline 0.001 -19"><span class='ocrx_word' id='word_1_230' title='bbox 164 2685 334 2738; x_wconf 87' lang='lat' dir='ltr'>altera</span> <span class='ocrx_word' id='word_1_231' title='bbox 389 2689 819 2755; x_wconf 86' lang='lat' dir='ltr'>asymptotarum</span> <span class='ocrx_word' id='word_1_232' title='bbox 868 2686 1160 2739; x_wconf 90' lang='lat' dir='ltr'>sectionem</span> <span class='ocrx_word' id='word_1_233' title='bbox 1207 2687 1596 2739; x_wconf 89' lang='lat' dir='ltr'>continentium</span> <span class='ocrx_word' id='word_1_234' title='bbox 1654 2689 1747 2739; x_wconf 92' lang='lat' dir='ltr'>aut</span> <span class='ocrx_word' id='word_1_235' title='bbox 1791 2687 1847 2738; x_wconf 91' lang='lat' dir='ltr'>in</span> 
     </span>
     <span class='ocr_line' id='line_1_31' title="bbox 165 2773 1850 2843; baseline 0.002 -20"><span class='ocrx_word' id='word_1_236' title='bbox 165 2773 337 2839; x_wconf 88' lang='lat' dir='ltr'>spatio</span> <span class='ocrx_word' id='word_1_237' title='bbox 375 2774 517 2827; x_wconf 88' lang='lat' dir='ltr'>inter</span> <span class='ocrx_word' id='word_1_238' title='bbox 555 2777 730 2827; x_wconf 87' lang='lat' dir='ltr'>rectas</span> <span class='ocrx_word' id='word_1_239' title='bbox 761 2774 957 2843; x_wconf 81' lang='lat' dir='ltr'>posito,</span> <span class='ocrx_word' id='word_1_240' title='bbox 997 2792 1132 2843; x_wconf 87' lang='lat' dir='ltr'>quae</span> <span class='ocrx_word' id='word_1_241' title='bbox 1166 2775 1421 2843; x_wconf 87' lang='lat' dir='ltr'>angulum</span> <span class='ocrx_word' id='word_1_242' title='bbox 1458 2775 1656 2842; x_wconf 90' lang='lat' dir='ltr'>angulo</span> <span class='ocrx_word' id='word_1_243' title='bbox 1692 2778 1850 2827; x_wconf 81' lang='grc' dir='ltr'>ΖΘΕ</span> 
     </span>
     <span class='ocr_line' id='line_1_32' title="bbox 165 2859 1138 2931; baseline 0.005 -21"><span class='ocrx_word' id='word_1_244' title='bbox 165 2859 231 2910; x_wconf 83' lang='lat' dir='ltr'>ad</span> <span class='ocrx_word' id='word_1_245' title='bbox 271 2861 532 2914; x_wconf 88' lang='lat' dir='ltr'>uerticem</span> <span class='ocrx_word' id='word_1_246' title='bbox 571 2862 807 2931; x_wconf 88' lang='lat' dir='ltr'>positum</span> <span class='ocrx_word' id='word_1_247' title='bbox 848 2862 1138 2915; x_wconf 88' lang='lat' dir='ltr'>continent.</span> 
     </span>
    </p>
   </div>
  </div>
 </body>
</html>
