<?xml version="1.0" encoding="UTF-8"?>
<!DOCTYPE html PUBLIC "-//W3C//DTD XHTML 1.0 Transitional//EN"
    "http://www.w3.org/TR/xhtml1/DTD/xhtml1-transitional.dtd">
<html xmlns="http://www.w3.org/1999/xhtml" xml:lang="en" lang="en">
 <head>
  <title>
</title>
<meta http-equiv="Content-Type" content="text/html;charset=utf-8" />
  <meta name='ocr-system' content='tesseract 3.04.00' />
  <meta name='ocr-capabilities' content='ocr_page ocr_carea ocr_par ocr_line ocrx_word'/>
</head>
<body>
  <div class='ocr_page' id='page_1' title='image "apolloniipergaei01apoluoft_0012.png"; bbox 0 0 1924 3172; ppageno 0'>
   <div class='ocr_carea' id='block_1_1' title="bbox 118 76 1162 125">
    <p class='ocr_par' dir='ltr' id='par_1_1' title="bbox 118 76 1162 125">
     <span class='ocr_line' id='line_1_1' title="bbox 118 76 1162 125; baseline 0.004 -4"><span class='ocrx_word' id='word_1_1' title='bbox 118 76 185 122; x_wconf 88' lang='lat' dir='ltr'>VI</span> <span class='ocrx_word' id='word_1_2' title='bbox 803 78 1162 125; x_wconf 80' lang='lat' dir='ltr'><strong>PRAEFATIO.</strong></span> 
     </span>
    </p>
   </div>
   <div class='ocr_carea' id='block_1_2' title="bbox 123 200 1830 535">
    <p class='ocr_par' dir='ltr' id='par_1_2' title="bbox 123 200 1830 535">
     <span class='ocr_line' id='line_1_2' title="bbox 241 200 1830 272; baseline 0.004 -21"><span class='ocrx_word' id='word_1_3' title='bbox 241 201 541 252; x_wconf 87' lang='lat' dir='ltr'>ceterorum</span> <span class='ocrx_word' id='word_1_4' title='bbox 591 200 837 253; x_wconf 89' lang='lat' dir='ltr'>codicum</span> <span class='ocrx_word' id='word_1_5' title='bbox 876 201 1087 254; x_wconf 92' lang='lat' dir='ltr'>nullum</span> <span class='ocrx_word' id='word_1_6' title='bbox 1128 219 1350 272; x_wconf 88' lang='lat' dir='ltr'>prorsus</span> <span class='ocrx_word' id='word_1_7' title='bbox 1388 221 1549 256; x_wconf 92' lang='lat' dir='ltr'>usum</span> <span class='ocrx_word' id='word_1_8' title='bbox 1587 221 1727 272; x_wconf 88' lang='lat' dir='ltr'>esse,</span> <span class='ocrx_word' id='word_1_9' title='bbox 1772 204 1830 257; x_wconf 91' lang='lat' dir='ltr'>in</span> 
     </span>
     <span class='ocr_line' id='line_1_3' title="bbox 123 288 1829 360; baseline 0.002 -18"><span class='ocrx_word' id='word_1_10' title='bbox 123 288 526 358; x_wconf 81' lang='lat' dir='ltr'>prolegomenis</span> <span class='ocrx_word' id='word_1_11' title='bbox 553 288 955 358; x_wconf 83' lang='lat' dir='ltr'>demonstrabO,</span> <span class='ocrx_word' id='word_1_12' title='bbox 986 290 1093 343; x_wconf 92' lang='lat' dir='ltr'>nisi</span> <span class='ocrx_word' id='word_1_13' title='bbox 1119 290 1263 360; x_wconf 92' lang='lat' dir='ltr'>quod</span> <span class='ocrx_word' id='word_1_14' title='bbox 1295 308 1323 342; x_wconf 91' lang='lat' dir='ltr'>e</span> <span class='ocrx_word' id='word_1_15' title='bbox 1349 290 1466 345; x_wconf 92' lang='lat' dir='ltr'>cod.</span> <span class='ocrx_word' id='word_1_16' title='bbox 1485 288 1655 345; x_wconf 86' lang='lat' dir='ltr'>Paris.</span> <span class='ocrx_word' id='word_1_17' title='bbox 1679 291 1829 346; x_wconf 84' lang='lat'><strong>2356</strong></span> 
     </span>
     <span class='ocr_line' id='line_1_4' title="bbox 125 375 1830 434; baseline 0.003 -5"><span class='ocrx_word' id='word_1_18' title='bbox 125 375 363 430; x_wconf 86' lang='lat' dir='ltr'>chartac.</span> <span class='ocrx_word' id='word_1_19' title='bbox 427 395 563 430; x_wconf 90' lang='lat' dir='ltr'>saec.</span> <span class='ocrx_word' id='word_1_20' title='bbox 632 377 767 430; x_wconf 89' lang='lat' dir='ltr'>XVI</span> <span class='ocrx_word' id='word_1_21' title='bbox 827 397 994 432; x_wconf 90' lang='lat' dir='ltr'>unam</span> <span class='ocrx_word' id='word_1_22' title='bbox 1057 382 1111 432; x_wconf 91' lang='lat' dir='ltr'>et</span> <span class='ocrx_word' id='word_1_23' title='bbox 1172 380 1398 432; x_wconf 87' lang='lat' dir='ltr'>alteram</span> <span class='ocrx_word' id='word_1_24' title='bbox 1464 380 1830 434; x_wconf 84' lang='lat' dir='ltr'>coniecturam</span> 
     </span>
     <span class='ocr_line' id='line_1_5' title="bbox 125 465 588 535; baseline 0.004 -19"><span class='ocrx_word' id='word_1_25' title='bbox 125 465 356 533; x_wconf 87' lang='lat' dir='ltr'>probam</span> <span class='ocrx_word' id='word_1_26' title='bbox 395 467 588 535; x_wconf 85' lang='lat' dir='ltr'>recepi.</span> 
     </span>
    </p>
   </div>
   <div class='ocr_carea' id='block_1_3' title="bbox 242 554 1832 626">
    <p class='ocr_par' dir='ltr' id='par_1_3' title="bbox 242 554 1832 626">
     <span class='ocr_line' id='line_1_6' title="bbox 242 554 1832 626; baseline 0.004 -20"><span class='ocrx_word' id='word_1_27' title='bbox 242 555 425 623; x_wconf 84' lang='lat' dir='ltr'>itaque</span> <span class='ocrx_word' id='word_1_28' title='bbox 472 556 712 609; x_wconf 82' lang='lat' dir='ltr'>recensio</span> <span class='ocrx_word' id='word_1_29' title='bbox 763 554 1088 610; x_wconf 86' lang='lat' dir='ltr'>Conicorum</span> <span class='ocrx_word' id='word_1_30' title='bbox 1135 559 1255 611; x_wconf 87' lang='lat' dir='ltr'>tota</span> <span class='ocrx_word' id='word_1_31' title='bbox 1300 558 1479 612; x_wconf 91' lang='lat' dir='ltr'>codice</span> <span class='ocrx_word' id='word_1_32' title='bbox 1525 558 1577 613; x_wconf 90' lang='lat' dir='ltr'><strong>V</strong></span> <span class='ocrx_word' id='word_1_33' title='bbox 1623 558 1832 626; x_wconf 86' lang='lat' dir='ltr'>nititur,</span> 
     </span>
    </p>
   </div>
   <div class='ocr_carea' id='block_1_4' title="bbox 128 643 1924 723">
    <p class='ocr_par' dir='ltr' id='par_1_4' title="bbox 128 643 1924 723">
     <span class='ocr_line' id='line_1_7' title="bbox 128 643 1924 723; baseline 0.005 -29"><span class='ocrx_word' id='word_1_34' title='bbox 128 643 280 695; x_wconf 92' lang='lat' dir='ltr'>cuius</span> <span class='ocrx_word' id='word_1_35' title='bbox 330 643 626 714; x_wconf 85' lang='lat' dir='ltr'>scripturas</span> <span class='ocrx_word' id='word_1_36' title='bbox 675 663 862 699; x_wconf 89' lang='lat' dir='ltr'>omnes</span> <span class='ocrx_word' id='word_1_37' title='bbox 911 647 968 698; x_wconf 91' lang='lat' dir='ltr'>in</span> <span class='ocrx_word' id='word_1_38' title='bbox 1015 647 1281 715; x_wconf 87' lang='lat' dir='ltr'>adparatu</span> <span class='ocrx_word' id='word_1_39' title='bbox 1326 647 1577 702; x_wconf 91' lang='lat' dir='ltr'>indicaui.</span> <span class='ocrx_word' id='word_1_40' title='bbox 1656 649 1831 703; x_wconf 87' lang='lat' dir='ltr'>sicubi</span> <span class='ocrx_word' id='word_1_41' title='bbox 1904 696 1924 723; x_wconf 64' lang='grc'>,</span> 
     </span>
    </p>
   </div>
   <div class='ocr_carea' id='block_1_5' title="bbox 126 732 1834 2935">
    <p class='ocr_par' dir='ltr' id='par_1_5' title="bbox 126 732 1831 979">
     <span class='ocr_line' id='line_1_8' title="bbox 128 732 1831 808; baseline 0.004 -24"><span class='ocrx_word' id='word_1_42' title='bbox 128 732 245 785; x_wconf 92' lang='lat' dir='ltr'>eius</span> <span class='ocrx_word' id='word_1_43' title='bbox 279 733 547 802; x_wconf 89' lang='lat' dir='ltr'>scriptura</span> <span class='ocrx_word' id='word_1_44' title='bbox 578 734 799 787; x_wconf 87' lang='lat' dir='ltr'>retineri</span> <span class='ocrx_word' id='word_1_45' title='bbox 826 752 937 787; x_wconf 94' lang='lat' dir='ltr'>non</span> <span class='ocrx_word' id='word_1_46' title='bbox 962 737 1193 803; x_wconf 87' lang='lat' dir='ltr'>poterat,</span> <span class='ocrx_word' id='word_1_47' title='bbox 1227 738 1504 790; x_wconf 75' lang='lat' dir='ltr'>auctorem</span> <span class='ocrx_word' id='word_1_48' title='bbox 1528 737 1831 808; x_wconf 75' lang='lat' dir='ltr'>scripturae</span> 
     </span>
     <span class='ocr_line' id='line_1_9' title="bbox 126 820 1830 894; baseline 0.005 -21"><span class='ocrx_word' id='word_1_49' title='bbox 126 825 375 890; x_wconf 78' lang='lat' dir='ltr'>receptae</span> <span class='ocrx_word' id='word_1_50' title='bbox 415 823 696 876; x_wconf 91' lang='lat' dir='ltr'>nominaui</span> <span class='ocrx_word' id='word_1_51' title='bbox 733 820 993 894; x_wconf 86' lang='lat' dir='ltr'>(‚,corr.“).</span> <span class='ocrx_word' id='word_1_52' title='bbox 1057 842 1163 893; x_wconf 88' lang='lat' dir='ltr'>qua</span> <span class='ocrx_word' id='word_1_53' title='bbox 1194 825 1251 877; x_wconf 93' lang='lat' dir='ltr'>in</span> <span class='ocrx_word' id='word_1_54' title='bbox 1283 843 1340 878; x_wconf 92' lang='lat' dir='ltr'>re</span> <span class='ocrx_word' id='word_1_55' title='bbox 1372 828 1589 893; x_wconf 87' lang='lat' dir='ltr'>praeter</span> <span class='ocrx_word' id='word_1_56' title='bbox 1620 826 1830 881; x_wconf 91' lang='lat' dir='ltr'>codices</span> 
     </span>
     <span class='ocr_line' id='line_1_10' title="bbox 130 910 734 979; baseline 0.003 -17"><span class='ocrx_word' id='word_1_57' title='bbox 130 910 266 962; x_wconf 93' lang='lat' dir='ltr'>mihi</span> <span class='ocrx_word' id='word_1_58' title='bbox 304 914 524 979; x_wconf 89' lang='lat' dir='ltr'>praesto</span> <span class='ocrx_word' id='word_1_59' title='bbox 565 912 734 964; x_wconf 87' lang='lat' dir='ltr'>fuere:</span> 
     </span>
    </p>

    <p class='ocr_par' dir='ltr' id='par_1_6' title="bbox 202 997 1834 1586">
     <span class='ocr_line' id='line_1_11' title="bbox 202 997 1834 1072; baseline 0.004 -21"><span class='ocrx_word' id='word_1_60' title='bbox 202 997 412 1052; x_wconf 91' lang='lat' dir='ltr'>Memus</span> <span class='ocrx_word' id='word_1_61' title='bbox 473 1029 534 1038; x_wconf 83' lang='lat'>-</span> <span class='ocrx_word' id='word_1_62' title='bbox 592 1000 868 1070; x_wconf 86' lang='lat' dir='ltr'>Apollonii</span> <span class='ocrx_word' id='word_1_63' title='bbox 923 1000 1117 1072; x_wconf 87' lang='lat' dir='ltr'>Pergei</span> <span class='ocrx_word' id='word_1_64' title='bbox 1170 1002 1483 1072; x_wconf 84' lang='lat' dir='ltr'>philosophi</span> <span class='ocrx_word' id='word_1_65' title='bbox 1537 1003 1834 1057; x_wconf 88' lang='lat' dir='ltr'>mathema-</span> 
     </span>
     <span class='ocr_line' id='line_1_12' title="bbox 315 1089 1831 1162; baseline 0.003 -21"><span class='ocrx_word' id='word_1_66' title='bbox 315 1089 512 1158; x_wconf 83' lang='lat' dir='ltr'>ticiqve</span> <span class='ocrx_word' id='word_1_67' title='bbox 567 1090 1004 1143; x_wconf 81' lang='lat' dir='ltr'>excellentissimi</span> <span class='ocrx_word' id='word_1_68' title='bbox 1059 1089 1236 1159; x_wconf 92' lang='lat' dir='ltr'>Opera</span> <span class='ocrx_word' id='word_1_69' title='bbox 1287 1110 1386 1162; x_wconf 91' lang='lat' dir='ltr'>per</span> <span class='ocrx_word' id='word_1_70' title='bbox 1437 1091 1831 1147; x_wconf 86' lang='lat' dir='ltr'>Doctissimum</span> 
     </span>
     <span class='ocr_line' id='line_1_13' title="bbox 315 1177 1831 1249; baseline 0.003 -19"><span class='ocrx_word' id='word_1_71' title='bbox 315 1177 707 1247; x_wconf 89' lang='lat' dir='ltr'>Philosophum</span> <span class='ocrx_word' id='word_1_72' title='bbox 745 1179 1006 1233; x_wconf 88' lang='lat' dir='ltr'>Ioannem</span> <span class='ocrx_word' id='word_1_73' title='bbox 1037 1178 1350 1249; x_wconf 86' lang='lat' dir='ltr'>Baptistam</span> <span class='ocrx_word' id='word_1_74' title='bbox 1381 1180 1622 1235; x_wconf 92' lang='lat' dir='ltr'>Memum</span> <span class='ocrx_word' id='word_1_75' title='bbox 1654 1182 1831 1235; x_wconf 84' lang='lat' dir='ltr'>Patri-</span> 
     </span>
     <span class='ocr_line' id='line_1_14' title="bbox 314 1266 1832 1339; baseline 0.004 -21"><span class='ocrx_word' id='word_1_76' title='bbox 314 1266 451 1318; x_wconf 81' lang='lat' dir='ltr'>tium</span> <span class='ocrx_word' id='word_1_77' title='bbox 507 1266 779 1321; x_wconf 87' lang='lat' dir='ltr'>Venetum</span> <span class='ocrx_word' id='word_1_78' title='bbox 833 1267 1448 1339; x_wconf 87' lang='lat' dir='ltr'>Mathematicarumque</span> <span class='ocrx_word' id='word_1_79' title='bbox 1502 1269 1721 1324; x_wconf 89' lang='lat' dir='ltr'>Artium</span> <span class='ocrx_word' id='word_1_80' title='bbox 1775 1272 1832 1324; x_wconf 89' lang='lat' dir='ltr'>in</span> 
     </span>
     <span class='ocr_line' id='line_1_15' title="bbox 315 1354 1833 1413; baseline 0.004 -7"><span class='ocrx_word' id='word_1_81' title='bbox 315 1354 464 1408; x_wconf 86' lang='lat' dir='ltr'>Vrbe</span> <span class='ocrx_word' id='word_1_82' title='bbox 505 1355 716 1409; x_wconf 91' lang='lat' dir='ltr'>Veneta</span> <span class='ocrx_word' id='word_1_83' title='bbox 754 1355 1038 1410; x_wconf 91' lang='lat' dir='ltr'>Lectorem</span> <span class='ocrx_word' id='word_1_84' title='bbox 1077 1357 1364 1410; x_wconf 92' lang='lat' dir='ltr'>Publicum</span> <span class='ocrx_word' id='word_1_85' title='bbox 1403 1357 1484 1410; x_wconf 91' lang='lat' dir='ltr'>De</span> <span class='ocrx_word' id='word_1_86' title='bbox 1526 1357 1731 1412; x_wconf 83' lang='lat' dir='ltr'>Graeco</span> <span class='ocrx_word' id='word_1_87' title='bbox 1775 1359 1833 1413; x_wconf 91' lang='lat' dir='ltr'>in</span> 
     </span>
     <span class='ocr_line' id='line_1_16' title="bbox 316 1443 1834 1516; baseline 0.004 -20"><span class='ocrx_word' id='word_1_88' title='bbox 316 1443 572 1497; x_wconf 83' lang='lat' dir='ltr'>Latinum</span> <span class='ocrx_word' id='word_1_89' title='bbox 612 1444 884 1498; x_wconf 84' lang='lat' dir='ltr'>Traducta</span> <span class='ocrx_word' id='word_1_90' title='bbox 931 1448 985 1498; x_wconf 92' lang='lat' dir='ltr'>et</span> <span class='ocrx_word' id='word_1_91' title='bbox 1027 1446 1242 1499; x_wconf 88' lang='lat' dir='ltr'>nouiter</span> <span class='ocrx_word' id='word_1_92' title='bbox 1280 1446 1563 1516; x_wconf 83' lang='lat' dir='ltr'>impressa.</span> <span class='ocrx_word' id='word_1_93' title='bbox 1638 1446 1834 1503; x_wconf 83' lang='lat' dir='ltr'>Venet.</span> 
     </span>
     <span class='ocr_line' id='line_1_17' title="bbox 318 1532 830 1586; baseline 0.004 -2"><span class='ocrx_word' id='word_1_94' title='bbox 318 1532 698 1586; x_wconf 90' lang='lat' dir='ltr'>MDXXXVII</span> <span class='ocrx_word' id='word_1_95' title='bbox 738 1533 830 1586; x_wconf 85' lang='lat' dir='ltr'>fol.</span> 
     </span>
    </p>

    <p class='ocr_par' dir='ltr' id='par_1_7' title="bbox 207 1619 1833 2029">
     <span class='ocr_line' id='line_1_18' title="bbox 207 1619 1833 1694; baseline 0.001 -20"><span class='ocrx_word' id='word_1_96' title='bbox 207 1619 416 1675; x_wconf 84' lang='lat' dir='ltr'>Comm.</span> <span class='ocrx_word' id='word_1_97' title='bbox 462 1623 550 1675; x_wconf 92' lang='lat' dir='ltr'>uel</span> <span class='ocrx_word' id='word_1_98' title='bbox 598 1620 917 1675; x_wconf 85' lang='lat' dir='ltr'>Command.</span> <span class='ocrx_word' id='word_1_99' title='bbox 970 1654 1032 1660; x_wconf 90' lang='lat'>—</span> <span class='ocrx_word' id='word_1_100' title='bbox 1077 1621 1362 1692; x_wconf 89' lang='lat' dir='ltr'>Apollonii</span> <span class='ocrx_word' id='word_1_101' title='bbox 1407 1623 1637 1694; x_wconf 88' lang='lat' dir='ltr'>Pergaei</span> <span class='ocrx_word' id='word_1_102' title='bbox 1687 1625 1833 1678; x_wconf 91' lang='lat' dir='ltr'>coni-</span> 
     </span>
     <span class='ocr_line' id='line_1_19' title="bbox 320 1711 1833 1781; baseline 0.003 -19"><span class='ocrx_word' id='word_1_103' title='bbox 320 1729 505 1763; x_wconf 93' lang='lat' dir='ltr'>corum</span> <span class='ocrx_word' id='word_1_104' title='bbox 530 1711 658 1764; x_wconf 90' lang='lat' dir='ltr'>libri</span> <span class='ocrx_word' id='word_1_105' title='bbox 683 1714 940 1781; x_wconf 89' lang='lat' dir='ltr'>quattuor</span> <span class='ocrx_word' id='word_1_106' title='bbox 959 1753 970 1764; x_wconf 93' lang='lat'>.</span> <span class='ocrx_word' id='word_1_107' title='bbox 989 1753 1000 1763; x_wconf 90' lang='lat'>.</span> <span class='ocrx_word' id='word_1_108' title='bbox 1020 1752 1031 1764; x_wconf 89' lang='lat'>.</span> <span class='ocrx_word' id='word_1_109' title='bbox 1075 1711 1131 1764; x_wconf 87' lang='lat' dir='ltr'>F.</span> <span class='ocrx_word' id='word_1_110' title='bbox 1148 1711 1572 1766; x_wconf 82' lang='lat' dir='ltr'>Commandinus</span> <span class='ocrx_word' id='word_1_111' title='bbox 1597 1711 1833 1766; x_wconf 85' lang='lat' dir='ltr'>Vrbinas</span> 
     </span>
     <span class='ocr_line' id='line_1_20' title="bbox 320 1798 1832 1877; baseline 0.003 -27"><span class='ocrx_word' id='word_1_112' title='bbox 320 1798 529 1851; x_wconf 90' lang='lat' dir='ltr'>mendis</span> <span class='ocrx_word' id='word_1_113' title='bbox 579 1800 990 1868; x_wconf 84' lang='lat' dir='ltr'>quamplurimis</span> <span class='ocrx_word' id='word_1_114' title='bbox 1043 1804 1341 1870; x_wconf 84' lang='lat' dir='ltr'>expurgata</span> <span class='ocrx_word' id='word_1_115' title='bbox 1390 1820 1417 1853; x_wconf 93' lang='lat' dir='ltr'>e</span> <span class='ocrx_word' id='word_1_116' title='bbox 1458 1800 1662 1855; x_wconf 88' lang='lat' dir='ltr'>Graeco</span> <span class='ocrx_word' id='word_1_117' title='bbox 1691 1819 1832 1877; x_wconf 8' lang='lat' dir='ltr'>*con-</span> 
     </span>
     <span class='ocr_line' id='line_1_21' title="bbox 317 1887 1833 1944; baseline 0.003 -6"><span class='ocrx_word' id='word_1_118' title='bbox 317 1887 487 1939; x_wconf 92' lang='lat' dir='ltr'>uertit</span> <span class='ocrx_word' id='word_1_119' title='bbox 551 1890 604 1940; x_wconf 88' lang='lat' dir='ltr'>et</span> <span class='ocrx_word' id='word_1_120' title='bbox 668 1889 1071 1941; x_wconf 90' lang='lat' dir='ltr'>commentariis</span> <span class='ocrx_word' id='word_1_121' title='bbox 1135 1889 1446 1942; x_wconf 83' lang='lat' dir='ltr'>illustrauit.</span> <span class='ocrx_word' id='word_1_122' title='bbox 1552 1890 1833 1944; x_wconf 89' lang='lat' dir='ltr'>Bononiae</span> 
     </span>
     <span class='ocr_line' id='line_1_22' title="bbox 319 1974 738 2029; baseline 0.005 -2"><span class='ocrx_word' id='word_1_123' title='bbox 319 1974 609 2029; x_wconf 91' lang='lat' dir='ltr'>MDLXVI</span> <span class='ocrx_word' id='word_1_124' title='bbox 649 1976 738 2029; x_wconf 89' lang='lat' dir='ltr'>fol.</span> 
     </span>
    </p>

    <p class='ocr_par' dir='ltr' id='par_1_8' title="bbox 206 2063 1833 2311">
     <span class='ocr_line' id='line_1_23' title="bbox 206 2063 1831 2135; baseline 0.003 -18"><span class='ocrx_word' id='word_1_125' title='bbox 206 2063 407 2134; x_wconf 86' lang='lat' dir='ltr'>Halley</span> <span class='ocrx_word' id='word_1_126' title='bbox 457 2095 524 2102; x_wconf 92' lang='lat'><em>-</em></span> <span class='ocrx_word' id='word_1_127' title='bbox 575 2065 856 2134; x_wconf 88' lang='lat' dir='ltr'>Apollonii</span> <span class='ocrx_word' id='word_1_128' title='bbox 897 2065 1125 2135; x_wconf 85' lang='lat' dir='ltr'>Pergaei</span> <span class='ocrx_word' id='word_1_129' title='bbox 1166 2065 1492 2122; x_wconf 82' lang='lat' dir='ltr'>Gonicorum</span> <span class='ocrx_word' id='word_1_130' title='bbox 1539 2067 1666 2120; x_wconf 92' lang='lat' dir='ltr'>libri</span> <span class='ocrx_word' id='word_1_131' title='bbox 1707 2071 1831 2122; x_wconf 92' lang='lat' dir='ltr'>octo</span> 
     </span>
     <span class='ocr_line' id='line_1_24' title="bbox 322 2151 1833 2225; baseline 0.003 -20"><span class='ocrx_word' id='word_1_132' title='bbox 322 2156 375 2205; x_wconf 87' lang='lat' dir='ltr'>et</span> <span class='ocrx_word' id='word_1_133' title='bbox 409 2151 595 2206; x_wconf 86' lang='lat' dir='ltr'>Sereni</span> <span class='ocrx_word' id='word_1_134' title='bbox 629 2153 964 2207; x_wconf 85' lang='lat' dir='ltr'>Antissensis</span> <span class='ocrx_word' id='word_1_135' title='bbox 996 2155 1058 2207; x_wconf 91' lang='lat' dir='ltr'>de</span> <span class='ocrx_word' id='word_1_136' title='bbox 1093 2156 1329 2209; x_wconf 78' lang='lat' dir='ltr'>sectione</span> <span class='ocrx_word' id='word_1_137' title='bbox 1363 2156 1593 2225; x_wconf 86' lang='lat' dir='ltr'>cylindri</span> <span class='ocrx_word' id='word_1_138' title='bbox 1624 2161 1678 2210; x_wconf 88' lang='lat' dir='ltr'>et</span> <span class='ocrx_word' id='word_1_139' title='bbox 1709 2157 1833 2211; x_wconf 91' lang='lat' dir='ltr'>coni</span> 
     </span>
     <span class='ocr_line' id='line_1_25' title="bbox 319 2241 1831 2311; baseline 0.004 -18"><span class='ocrx_word' id='word_1_140' title='bbox 319 2241 445 2293; x_wconf 91' lang='lat' dir='ltr'>libri</span> <span class='ocrx_word' id='word_1_141' title='bbox 481 2243 600 2311; x_wconf 83' lang='lat' dir='ltr'>duo,</span> <span class='ocrx_word' id='word_1_142' title='bbox 634 2243 713 2296; x_wconf 91' lang='lat' dir='ltr'>ed.</span> <span class='ocrx_word' id='word_1_143' title='bbox 744 2242 807 2295; x_wconf 83' lang='lat' dir='ltr'>E.</span> <span class='ocrx_word' id='word_1_144' title='bbox 841 2243 1103 2297; x_wconf 90' lang='lat' dir='ltr'>Halleius.</span> <span class='ocrx_word' id='word_1_145' title='bbox 1177 2244 1416 2298; x_wconf 83' lang='lat' dir='ltr'>Oxoniae</span> <span class='ocrx_word' id='word_1_146' title='bbox 1449 2243 1705 2299; x_wconf 82' lang='lat' dir='ltr'>MDCGX</span> <span class='ocrx_word' id='word_1_147' title='bbox 1737 2245 1831 2299; x_wconf 91' lang='lat' dir='ltr'>fol.</span> 
     </span>
    </p>

    <p class='ocr_par' dir='ltr' id='par_1_9' title="bbox 132 2321 1831 2754">
     <span class='ocr_line' id='line_1_26' title="bbox 247 2321 1830 2404; baseline 0.003 -22"><span class='ocrx_word' id='word_1_148' title='bbox 247 2330 311 2383; x_wconf 92' lang='lat' dir='ltr'>de</span> <span class='ocrx_word' id='word_1_149' title='bbox 335 2330 577 2383; x_wconf 86' lang='lat' dir='ltr'>fontibus</span> <span class='ocrx_word' id='word_1_150' title='bbox 611 2321 806 2384; x_wconf 85' lang='lat' dir='ltr'>horum</span> <span class='ocrx_word' id='word_1_151' title='bbox 831 2332 1093 2385; x_wconf 88' lang='lat' dir='ltr'>librorum</span> <span class='ocrx_word' id='word_1_152' title='bbox 1119 2333 1177 2385; x_wconf 90' lang='lat' dir='ltr'>in</span> <span class='ocrx_word' id='word_1_153' title='bbox 1201 2333 1601 2404; x_wconf 87' lang='lat' dir='ltr'>prolegomenis</span> <span class='ocrx_word' id='word_1_154' title='bbox 1627 2333 1830 2386; x_wconf 84' lang='lat' dir='ltr'>uidebi-</span> 
     </span>
     <span class='ocr_line' id='line_1_27' title="bbox 132 2418 1830 2498; baseline 0.002 -27"><span class='ocrx_word' id='word_1_155' title='bbox 132 2438 270 2472; x_wconf 88' lang='lat' dir='ltr'>mus.</span> <span class='ocrx_word' id='word_1_156' title='bbox 340 2419 519 2472; x_wconf 90' lang='lat' dir='ltr'>Memo</span> <span class='ocrx_word' id='word_1_157' title='bbox 561 2422 615 2472; x_wconf 88' lang='lat' dir='ltr'>et</span> <span class='ocrx_word' id='word_1_158' title='bbox 646 2418 1038 2474; x_wconf 83' lang='lat' dir='ltr'>Commandino</span> <span class='ocrx_word' id='word_1_159' title='bbox 1079 2422 1508 2498; x_wconf 86' lang='lat' dir='ltr'>emendationem</span> <span class='ocrx_word' id='word_1_160' title='bbox 1548 2425 1664 2474; x_wconf 86' lang='lat' dir='ltr'>tum</span> <span class='ocrx_word' id='word_1_161' title='bbox 1701 2440 1830 2492; x_wconf 91' lang='lat' dir='ltr'>quo-</span> 
     </span>
     <span class='ocr_line' id='line_1_28' title="bbox 136 2508 1831 2579; baseline 0 -17"><span class='ocrx_word' id='word_1_162' title='bbox 136 2527 239 2577; x_wconf 92' lang='lat' dir='ltr'>que</span> <span class='ocrx_word' id='word_1_163' title='bbox 270 2508 453 2577; x_wconf 86' lang='lat' dir='ltr'>tribui,</span> <span class='ocrx_word' id='word_1_164' title='bbox 492 2508 587 2561; x_wconf 93' lang='lat' dir='ltr'>ubi</span> <span class='ocrx_word' id='word_1_165' title='bbox 618 2509 783 2562; x_wconf 84' lang='lat' dir='ltr'>tacite</span> <span class='ocrx_word' id='word_1_166' title='bbox 816 2527 1000 2562; x_wconf 89' lang='lat' dir='ltr'>ueram</span> <span class='ocrx_word' id='word_1_167' title='bbox 1034 2511 1359 2579; x_wconf 82' lang='lat' dir='ltr'>scripturam</span> <span class='ocrx_word' id='word_1_168' title='bbox 1390 2510 1831 2579; x_wconf 88' lang='lat' dir='ltr'>interpretantur,</span> 
     </span>
     <span class='ocr_line' id='line_1_29' title="bbox 132 2597 1829 2667; baseline 0.001 -17"><span class='ocrx_word' id='word_1_169' title='bbox 132 2597 240 2650; x_wconf 89' lang='lat' dir='ltr'>nisi</span> <span class='ocrx_word' id='word_1_170' title='bbox 288 2598 453 2650; x_wconf 89' lang='lat' dir='ltr'>etiam</span> <span class='ocrx_word' id='word_1_171' title='bbox 501 2615 682 2650; x_wconf 88' lang='lat' dir='ltr'>errore</span> <span class='ocrx_word' id='word_1_172' title='bbox 728 2616 837 2651; x_wconf 92' lang='lat' dir='ltr'>non</span> <span class='ocrx_word' id='word_1_173' title='bbox 884 2602 1166 2667; x_wconf 89' lang='lat' dir='ltr'>perspecto</span> <span class='ocrx_word' id='word_1_174' title='bbox 1216 2599 1401 2651; x_wconf 92' lang='lat' dir='ltr'>eodem</span> <span class='ocrx_word' id='word_1_175' title='bbox 1449 2598 1610 2651; x_wconf 91' lang='lat' dir='ltr'>modo</span> <span class='ocrx_word' id='word_1_176' title='bbox 1661 2599 1829 2651; x_wconf 88' lang='lat' dir='ltr'>inter-</span> 
     </span>
     <span class='ocr_line' id='line_1_30' title="bbox 133 2686 569 2754; baseline 0.002 -16"><span class='ocrx_word' id='word_1_177' title='bbox 133 2686 334 2754; x_wconf 87' lang='lat' dir='ltr'>pretati</span> <span class='ocrx_word' id='word_1_178' title='bbox 375 2689 569 2739; x_wconf 90' lang='lat' dir='ltr'>essent.</span> 
     </span>
    </p>

    <p class='ocr_par' dir='ltr' id='par_1_10' title="bbox 136 2774 1830 2935">
     <span class='ocr_line' id='line_1_31' title="bbox 248 2774 1830 2845; baseline 0.001 -19"><span class='ocrx_word' id='word_1_179' title='bbox 248 2774 304 2826; x_wconf 94' lang='lat' dir='ltr'>in</span> <span class='ocrx_word' id='word_1_180' title='bbox 381 2775 827 2845; x_wconf 86' lang='lat' dir='ltr'>interpretatione</span> <span class='ocrx_word' id='word_1_181' title='bbox 898 2794 1018 2828; x_wconf 89' lang='lat' dir='ltr'>mea</span> <span class='ocrx_word' id='word_1_182' title='bbox 1086 2776 1482 2845; x_wconf 90' lang='lat' dir='ltr'>propositiones</span> <span class='ocrx_word' id='word_1_183' title='bbox 1552 2774 1830 2844; x_wconf 87' lang='lat' dir='ltr'>Apollonii</span> 
     </span>
     <span class='ocr_line' id='line_1_32' title="bbox 136 2863 1828 2935; baseline 0.001 -20"><span class='ocrx_word' id='word_1_184' title='bbox 136 2863 304 2915; x_wconf 86' lang='lat' dir='ltr'>citaui</span> <span class='ocrx_word' id='word_1_185' title='bbox 364 2863 504 2917; x_wconf 91' lang='lat' dir='ltr'>libro</span> <span class='ocrx_word' id='word_1_186' title='bbox 569 2867 623 2917; x_wconf 90' lang='lat' dir='ltr'>et</span> <span class='ocrx_word' id='word_1_187' title='bbox 682 2865 1072 2935; x_wconf 87' lang='lat' dir='ltr'>propositionis</span> <span class='ocrx_word' id='word_1_188' title='bbox 1126 2883 1381 2935; x_wconf 82' lang='lat' dir='ltr'>numero,</span> <span class='ocrx_word' id='word_1_189' title='bbox 1442 2863 1537 2917; x_wconf 90' lang='lat' dir='ltr'>ubi</span> <span class='ocrx_word' id='word_1_190' title='bbox 1592 2863 1828 2916; x_wconf 89' lang='lat' dir='ltr'>eiusdem</span> 
     </span>
    </p>
   </div>
  </div>
 </body>
</html>
