2028 3146
227 95 334 148 174
884 97 1164 143 ΚΩΝΙΚΩΝ
1195 94 1262 142 α’.

223 213 258 287 ἡ
313 220 422 272 ΓΑ
474 214 615 287 πρὸς
666 217 770 284 τὴν
826 219 1128 272 διπλασίαν
1181 226 1277 288 τῆς
1323 223 1460 288 AA,
1514 218 1762 275 τουτέστι
1814 217 1916 290 τὴν

222 310 356 376 ΑΒ,
410 303 473 361 τὸ
521 303 629 361 ἀπὸ
678 311 799 361 ΖΗ
835 304 973 378 πρὸς
1017 305 1080 362 τὸ
1129 303 1236 362 ὑπὸ
1285 311 1492 375 ΔΗΑ,
1552 304 1674 362 ἀλλ’
1732 303 1766 379 ἡ
1813 306 1916 379 μὲν

222 399 332 450 ΓΑ
384 394 522 466 πρὸς
575 393 680 466 τὴν
737 397 1037 451 διπλασίαν
1092 404 1188 467 τῆς
1233 402 1353 451 AA
1399 396 1501 452 τὸν
1550 399 1915 468 συγκείμενον

221 488 331 556 ἔχει
370 482 543 555 λόγον
585 485 642 540 ἐκ
681 487 783 540 τοῦ
824 480 892 540 ὃν
932 488 1043 557 ἔχει
1081 481 1115 556 ἡ
1149 489 1256 540 ΓΑ
1293 485 1433 558 πρὸς
1470 482 1573 556 τὴν
1613 486 1914 541 διπλασίαν

164 589 190 629 5
222 583 319 645 τῆς
349 579 460 629 ΑΘ
496 573 590 629 καὶ
632 575 690 630 ἐκ
728 576 831 630 τοῦ
871 570 939 629 ὃν
979 578 1088 646 ἔχει
1129 571 1163 645 ἡ
1204 577 1468 630 διπλασία
1505 582 1597 645 τῆς
1633 580 1736 630 ΑΘ
1773 573 1913 646 πρὸς

215 665 319 734 τὴν
367 666 666 719 διπλασίαν
713 670 808 733 τῆς
848 669 990 733 AA,
1037 664 1320 718 τουτέστιν
1366 660 1401 734 ἡ
1442 668 1552 719 ΘΑ
1595 661 1736 736 πρὸς
1773 669 1914 734 AA,

215 752 501 808 τουτέστιν
541 749 575 823 ἡ
617 757 729 807 ΖΗ
766 751 905 824 πρὲῑς
941 757 1090 822 ΗΔ,
1130 751 1164 823 ἡ
1205 756 1313 807 ΓΑ
1350 752 1460 825 ἄρα
1496 751 1636 825 πρὸς
1666 758 1775 808 AB
1813 751 1914 809 τὸν

217 846 583 914 συγκείμενον
632 845 740 913 ἔχει
787 840 960 912 λόγον
1008 845 1067 896 ἔκ
1112 863 1170 898 τε
1216 844 1317 897 τοῦ
1356 851 1451 913 τῆς
1489 846 1544 897 Γ
1542 848 1596 896 A
1633 841 1774 915 πρὸς
1810 843 1912 914 τὴν

217 934 518 987 διπλασίαν
564 939 661 1002 τῆς
698 936 808 986 ΑΘ
853 931 945 986 καὶ
984 934 1086 987 τοῦ
1125 940 1222 1003 τῆς
1263 936 1380 985 ΖΗ
1411 929 1552 1002 πρὸς
1589 935 1724 987 ΗΔ.
1801 934 1911 1003 ἔχει

131 1037 184 1076 10
217 1019 279 1076 δὲ
325 1020 418 1076 καὶ
463 1018 525 1076 τὸ
573 1017 681 1076 ἀπο
727 1024 843 1076 ΖΗ
880 1019 1018 1092 πρὸς
1064 1019 1127 1076 τὸ
1176 1018 1287 1076 ὑπὸ
1331 1025 1515 1075 AHA
1559 1018 1660 1076 τὸν
1700 1024 1911 1091 συγκεί-

215 1121 388 1182 μενον
435 1108 608 1180 λόγον
656 1110 714 1165 ἐκ
759 1111 860 1165 τοῦ
909 1106 976 1165 ὃν
1023 1113 1133 1181 ἔχει
1180 1107 1214 1181 ἡ
1258 1115 1378 1165 ΖΗ
1408 1108 1546 1182 πρὸς
1584 1115 1707 1165 HA
1742 1109 1836 1165 καὶ
1873 1107 1908 1181 ἡ

216 1205 336 1254 ΖΗ
367 1198 506 1271 πρὸς
543 1204 684 1254 HA·
756 1196 784 1253 ὅ
826 1198 937 1271 ἄρα
977 1203 1335 1271 συγκείμενος
1373 1197 1539 1270 λόγος
1578 1200 1637 1255 ἐκ
1675 1201 1776 1254 τοῦ
1814 1206 1912 1269 τῆς

214 1294 323 1344 ΓΑ
375 1287 515 1361 πρὸς
566 1286 670 1359 τὴν
718 1291 1018 1343 διπλασίαν
1064 1296 1161 1359 τῆς
1206 1294 1316 1344 ΑΘ
1362 1288 1454 1343 καὶ
1506 1290 1607 1344 τοῦ
1651 1286 1914 1359 τῆςΖΗ

213 1376 353 1451 πρὸς
397 1383 521 1433 HA
576 1375 606 1433 ὁ
661 1375 829 1442 αὐτός
884 1377 998 1433 ἐστι
1053 1379 1128 1452 τῷ
1176 1378 1515 1453 συγκειμένῳ
1565 1378 1624 1432 ἐκ
1669 1386 1770 1433 τοῦ
1816 1386 1912 1448 τῆς

128 1481 180 1521 15
215 1471 336 1521 ΖΗ
382 1465 521 1540 πρὸς
565 1472 685 1522 HA
730 1466 823 1521 καὶ
868 1469 971 1521 τοῦ
1017 1475 1111 1538 τῆς
1159 1472 1279 1522 ΖΗ
1317 1465 1453 1538 πρὸς
1498 1471 1635 1523 HA.
1720 1464 1910 1532 κοινὸς

213 1555 531 1630 ἀφῃρήσθω
588 1554 616 1612 ὁ
672 1564 766 1627 τῆς
814 1560 938 1609 ΖΗ
977 1554 1115 1628 πρὸς
1161 1561 1283 1610 HA
1327 1555 1515 1627 λόγος’
1600 1558 1752 1610 ἔστιν
1797 1555 1908 1626 ἄρα

215 1643 290 1712 ὥς
337 1643 371 1717 ἡ
412 1651 521 1702 ΓΑ
566 1643 705 1719 πρὸς
750 1643 853 1716 τὴν
893 1648 1193 1701 διπλασίαν
1231 1654 1327 1717 τῆς
1366 1651 1500 1716 ΑΘ,
1539 1641 1573 1716 ἡ
1615 1649 1737 1699 ΖΗ
1767 1642 1907 1717 πρὸς

211 1741 347 1791 HA.
424 1732 499 1800 ὥς
539 1736 601 1790 δε
638 1731 673 1806 ἡ
716 1739 835 1790 ΖΗ
865 1732 1003 1806 πρὸς
1039 1739 1186 1804 HA,
1234 1732 1268 1806 ἡ
1313 1739 1421 1789 OA
1458 1733 1595 1806 πρὸς
1633 1735 1761 1798 ΑΞ·
1832 1730 1924 1799 ὦς·

214 1823 323 1896 α’ρα
362 1821 396 1895 ἡ
437 1829 545 1879 ΓΑ
582 1822 724 1895 πρὸς
769 1822 871 1894 τὴν
906 1827 1204 1878 διπλασίαν
1244 1832 1341 1895 τῆς
1378 1829 1511 1895 ΑΘ,
1549 1821 1583 1895 ἡ
1623 1828 1731 1879 ΟΛ
1768 1822 1907 1896 πρὸς

126 1928 181 1968 ‘20
215 1915 334 1975 ΑΞ.
420 1911 555 1968 ὅταν
610 1911 672 1967 δε
717 1915 884 1967 τοῦτο
931 1904 993 1984 ᾗ,
1049 1911 1179 1983 παρ’
1232 1909 1305 1982 ἣν
1354 1911 1633 1968 δύνανταί
1674 1913 1824 1968 ἐστιν
1869 1908 1904 1982 ἡ

213 2006 342 2058 ΑΓ·
420 2004 586 2057 τοῦτο
627 2023 734 2073 γαρ
776 2000 1049 2055 δέδεικται
1088 2002 1149 2056 ἐν
1188 2002 1264 2074 τῷ
1302 1999 1360 2055 ν’
1399 1999 1736 2072 θεωρήματι.

1005 2146 1114 2207 ‘vs'-

329 2254 453 2310 Δύο
495 2256 779 2309 δοθεισῶν
820 2249 1060 2308 εὐθειῶν
1091 2254 1524 2326 πεπερασμένων
1553 2252 1693 2323 πρὸς
1724 2251 1904 2322 ὀρθὰς

214 2341 480 2415 ἀλλήλαις
533 2340 719 2414 εὑρεῖν
773 2342 898 2413 περὶ
953 2341 1251 2415 διάμετρον
1307 2340 1409 2414 τὴν
1464 2342 1657 2414 ἑτέραν
1712 2341 1902 2397 αὐτῶν

127 2449 183 2489 25
214 2431 402 2488 κώνου
456 2430 634 2503 τομὴν
679 2428 781 2502 τὴν
827 2433 1180 2502 καλουμένην
1229 2435 1473 2498 ἔλλειψιν
1521 2433 1582 2487 ἐν
1628 2433 1702 2506 τῷ
1750 2428 1900 2504 αὐτῷ

217 2522 457 2594 ἐπιπέδῳ
503 2531 623 2586 ταῖς
669 2516 939 2589 εὐθείαις,
987 2512 1051 2590 ἧς
1098 2518 1317 2592 κορυφὴ
1365 2524 1515 2575 ἔσται
1560 2518 1621 2575 τὸ
1660 2517 1797 2591 πρὸς
1833 2527 1900 2590 τῇ

217 2609 364 2684 ὀρθῇ
396 2614 574 2683 γωνία
606 2619 854 2681 σημεῖον,
887 2611 949 2663 αἱ
978 2608 1039 2664 δὲ
1069 2608 1439 2680 καταγόμεναι
1470 2606 1577 2664 ἀπὸ
1611 2616 1705 2678 τῆς
1731 2615 1900 2678 τομῆς

217 2699 303 2755 ἐπὶ
350 2698 452 2770 τὴν
500 2698 799 2770 διάμετρον
846 2698 908 2753 ἐν
953 2702 1132 2773 γωνία
1180 2700 1412 2770 δοθείσῃ
1453 2695 1792 2769 δυνήσονται
1829 2696 1898 2750 τὰ

336 2852 376 2891 5.
411 2844 463 2892 ἐκ
495 2848 598 2903 τοῦ]
632 2843 681 2900 ἐξ
714 2840 770 2890 οὗ
804 2846 866 2899 V,
899 2859 1014 2891 corr.
1039 2844 1220 2902 Halley.
1342 2850 1414 2892 22.
1445 2841 1544 2903 νς’]
1575 2859 1623 2902 p,
1655 2843 1895 2898 Eutocius3

218 2920 307 2951 om.
340 2906 394 2950 V.
516 2910 587 2950 24.
620 2903 798 2964 εὑρεῖν]
834 2900 950 2964 εῧρη
981 2905 1043 2959 V;
1076 2918 1191 2953 corr
1223 2920 1268 2962 p.
