1924 3172
509 672 968 733 CONIOORUM
1014 673 1252 734 LIBER
1299 674 1345 734 Ι.

193 802 519 884 Apollonius
557 803 800 856 Eudemo
842 822 882 856 S.

193 891 249 947 Si
295 910 517 961 corpore
564 893 892 945 conualescis
934 896 1213 962 ceteraque
1252 893 1357 946 tibi
1396 912 1459 946 ex
1500 895 1766 948 sententia

83 985 224 1051 sunt,
261 982 396 1034 bene
437 985 532 1050 est,
571 980 814 1050 equidem
856 982 988 1034 satis
1027 983 1197 1036 ualeo.
1269 1001 1372 1051 quo
1414 986 1593 1036 autem
1633 988 1765 1037 tem-

80 1089 208 1140 pore
254 1074 433 1124 tecum
471 1069 721 1139 Pergami
760 1088 928 1138 eram,
976 1070 1224 1124 uidebam
1263 1074 1318 1124 te
1360 1072 1611 1141 cupidum
1651 1091 1765 1126 esse

81 1160 264 1212 conica
317 1178 348 1211 a
402 1177 486 1211 me
541 1156 815 1211 elaborata
864 1159 1235 1229 cognoscendi.
1323 1179 1486 1229 quare
1533 1161 1766 1229 primum

79 1249 279 1300 librum
318 1247 384 1300 ad
422 1250 476 1300 te
515 1247 660 1325 misi,
699 1251 991 1318 postquam
1031 1267 1150 1301 eum
1191 1249 1491 1318 emendaui,
1530 1250 1764 1320 reliquos

79 1339 279 1406 autem,
325 1336 537 1406 quando
576 1336 643 1389 iis
685 1338 923 1389 contenti
965 1337 1161 1389 erimus
1172 1379 1185 1405 ,
1223 1338 1516 1391 mittemus.
1591 1357 1764 1408 neque

80 1426 221 1478 enim
260 1425 439 1493 cred0,
485 1428 539 1477 te
581 1425 808 1478 oblitum
849 1444 989 1492 esse,
1035 1426 1177 1495 quod
1218 1445 1248 1477 a
1288 1444 1373 1478 me
1415 1426 1635 1495 audisti,
1679 1446 1763 1480 me

35 1571 38 1574 ,
79 1514 144 1566 ad
190 1514 321 1567 haec
357 1513 659 1566 -adcessisse
704 1517 902 1583 rogatu
942 1513 994 1565 N
1002 1515 1232 1566 aucratis
1281 1518 1611 1585 geometrae,
1658 1534 1762 1584 quo

76 1606 316 1672 tempore
345 1600 724 1655 Alexandriam
758 1602 1032 1671 profectus
1064 1602 1345 1655 nobiscum
1379 1602 1612 1671 degeret,
1640 1621 1763 1656 nos-

78 1709 181 1760 que
208 1695 211 1697 ’
236 1709 298 1744 ea
351 1691 407 1743 in
462 1695 584 1744 octo
638 1691 791 1743 libris
853 1691 1128 1744 elaborata
1178 1691 1364 1743 statim
1414 1691 1762 1746 festinantius

75 1779 258 1850 paullo
307 1798 424 1832 cum
473 1798 534 1833 eo
582 1779 1027 1844 communicasse,
1083 1779 1223 1849 quod
1269 1780 1326 1832 in
1375 1797 1436 1832 eo
1487 1783 1652 1851 esset,
1700 1784 1761 1834 ut

76 1868 388 1936 discederet,
436 1869 514 1920 ita
559 1871 622 1920 ut
661 1886 723 1921 ea
761 1886 871 1921 non
907 1885 1386 1938 perpurgaremuS,
1435 1869 1526 1920 sed
1568 1869 1762 1938 omnia,

77 1975 210 2026 quae
249 1957 407 2010 nobis
446 1958 500 2010 in
541 1961 775 2009 mentem
813 1957 1082 2025 uenirent,
1120 1975 1441 2026 poneremus
1483 1961 1760 2026 sperantes

74 2045 211 2113 fore,-
256 2048 318 2097 ut
362 2048 552 2113 postea
588 2046 994 2114 perpoliremUS.
1072 2063 1235 2115 quare
1274 2046 1384 2097 iam
1427 2041 1760 2098 occasionem

74 2134 240 2204 nacti,
293 2136 455 2203 prout
500 2138 741 2186 correcta
789 2138 937 2201 sunt,
985 2153 1048 2186 ea
1095 2134 1313 2187 edimus,
1403 2137 1457 2186 613
1505 2135 1759 2202 quoniam

75 2222 288 2291 accidit,
340 2225 402 2274 ut
457 2223 619 2275 etiam
674 2222 767 2274 alii
816 2223 1031 2291 quidam
1080 2241 1287 2290 eorum,
1343 2223 1435 2291 qui
1480 2222 1757 2274 nobiscum

74 2311 278 2363 uersati
334 2314 480 2379 sunt,
534 2311 765 2379 primum
822 2311 1155 2379 alterumque
1210 2311 1380 2364 libros
1437 2312 1584 2363 nacti
1633 2311 1757 2379 sint,

74 2397 388 2467 priusquam
436 2400 661 2462 correcti
708 2402 908 2463 essent,
955 2400 1183 2452 miratus
1230 2417 1297 2451 ne
1340 2400 1435 2467 siS,
1484 2400 1530 2450 si
1568 2399 1625 2451 in
1664 2417 1753 2451 eos

75 2487 236 2539 aliam
282 2487 543 2539 habentes
590 2487 823 2540 formam
873 2487 1138 2542 incideris,
1214 2488 1407 2540 horum
1457 2505 1583 2540 uero
1632 2490 1753 2540 octo

9 2587 18 2600 '
75 2575 337 2627 librorum
362 2578 616 2644 quattuor
637 2576 841 2644 priores
868 2577 933 2628 ad
962 2576 1355 2629 institutionem
1381 2577 1755 2628 elementarem

76 2746 326 2792 εἰκονικοῦ.
374 2765 459 2805 γρ.,
492 2749 601 2820 quia
631 2763 803 2805 magna
835 2764 891 2794 ex
921 2754 1053 2806 parte
1086 2765 1237 2805 euan.;
1272 2751 1352 2794 sed
1385 2763 1502 2804 quae
1528 2749 1752 2804 dedimus,

73 2806 179 2851 hab.
215 2821 290 2851 cv.
421 2812 488 2852 15.
522 2804 720 2852 ἔκπλουν
754 2823 839 2865 cp,
874 2809 978 2853 fort.
1012 2811 1151 2854 recte.
1287 2815 1352 2853 16.
1387 2806 1449 2859 ὥς
1482 2835 1534 2841 -
1571 2813 1638 2852 17.
1674 2806 1752 2852 ἐπ-

78 2863 394 2924 ελευσόμενοι]
428 2880 510 2922 cv3
544 2881 673 2913 euan
708 2866 761 2911 V.
774 2903 784 2922 ,
816 2881 910 2924 rep.
943 2882 1036 2924 mg.
1069 2882 1126 2911 m.
1162 2881 1249 2911 rec.

1428 2939 1487 2983 1*
