1982 3178
182 65 252 118 38
473 87 475 90 ·
841 67 1120 112 mmmm
1152 63 1219 113 α’.

115 242 119 245 ,
180 183 298 240 κατ’
338 183 568 242 εὐθεῖαν
609 184 746 258 πρὸς
787 183 966 257 ὀρθὰς
1006 179 1184 243 οὖσαν
1223 191 1290 262 τῇ
1323 187 1484 258 βάσει
1514 189 1617 244 τοῦ
1649 187 1742 244 διὰ
1772 191 1874 245 τοῦ

95 1014 150 1053 10

96 1461 150 1501 15

95 1907 152 1947 20

96 2353 152 2393 25

181 273 384 341 ἄξονος
421 275 725 347 τριγώνου,
767 281 844 333 ἔτι
886 277 947 333 δὲ
986 274 1019 347 ἡ
1062 276 1354 348 διάμετρος
1390 280 1487 348 τῆς
1533 280 1705 350 τομῆς
1741 298 1874 348 παρ-

182 364 418 435 ἄλληλος
455 358 489 437 ᾗ
530 368 629 439 μιᾷ
668 370 879 441 πλευρᾷ
916 369 1019 422 τοῦ
1059 365 1151 421 διὰ
1193 370 1295 422 τοῦ
1335 365 1537 434 ἄξονος
1577 366 1873 439 τρνγώνου,

181 451 299 522 ῆτις
347 451 417 508 ἂν
466 452 573 509 ἀπὸ
621 457 718 524 τῆς
759 458 927 526 τομῆς
966 458 1068 512 τοῦ
1108 455 1296 511 κώνου
1334 452 1686 528 παράλληλος
1723 453 1874 530 ἀχθῇ

181 545 247 615 τῇ
283 547 444 616 κοινῇ
477 547 617 615 τομῇ
650 547 750 599 τοῦ
783 545 1082 616 τέμνοντος
1115 545 1380 600 ἐπιπέδου
1411 544 1503 600 καὶ
1535 547 1633 616 τῆς
1661 544 1876 616 βάσεως

180 636 281 687 τοῦ
319 632 507 688 κώνου
547 634 842 712 μέχριιτῆς
881 635 1182 704 διαμέτρου
1221 637 1318 705 τῆς
1348 637 1535 706 τομῆς,
1576 632 1876 706 δυνήσεται

180 719 243 777 τὸ
269 722 668 794 περιεχόμενον
690 720 801 778 ὑπό
827 745 883 779 τε
907 727 1004 795 τῆς
1030 723 1567 796 ἀπολαμβανομένης
1588 720 1683 779 ὑπ’
1705 721 1876 796 αὐτῆς

182 809 290 867 ἀπὸ
321 815 420 884 τῆς
445 813 746 884 διαμέτρου
779 811 916 883 πρὸς
941 821 1005 886 τῇ
1031 817 1252 886 κορυφῇ
1277 821 1376 884 τῆς
1398 815 1568 885 τομῆς
1590 813 1682 868 καὶ
1707 812 1878 884 ἄλλης

180 899 335 966 τινὸς
373 899 618 973 εὐθείας,
659 899 692 974 ἣ
734 904 903 974 λόγον
945 907 1053 974 ἔχει
1094 902 1232 973 πρὸς
1270 902 1374 974 τὴν
1414 901 1614 973 μεταξὺ
1646 905 1742 974 τῆς
1772 905 1876 959 τοῦ

182 989 371 1046 κώνου
402 996 609 1062 γωνίας
640 992 732 1047 καὶ
756 1001 852 1065 τῆς
882 995 1135 1064 κορυφῆς
1166 995 1262 1064 τῆς
1284 995 1472 1064 τομῆς,
1506 989 1573 1048 ὃν
1596 991 1659 1048 τὸ
1689 991 1877 1061 τετρά-

181 1101 369 1150 γωνον
415 1079 476 1136 τὸ
526 1079 635 1136 ἀπὸ
682 1085 779 1152 τῆς
824 1081 1039 1152 βάσεως
1084 1085 1185 1136 τοῦ
1234 1081 1326 1137 διὰ
1376 1085 1479 1137 τοῦ
1526 1079 1725 1148 ἄξονος
1763 1103 1875 1152 τρι-

181 1167 372 1239 γώνου
419 1171 557 1240 πρὸς
609 1169 672 1226 τὸ
728 1173 1121 1242 περιεχόμενον
1177 1168 1285 1227 ὑπὸ
1341 1174 1455 1227 τῶν
1509 1177 1723 1226 λοιπῶν
1773 1173 1876 1226 τοῦ

181 1257 461 1328 τριγώνου
501 1258 605 1315 δύο
646 1263 924 1331 πλευρῶν·
971 1265 1250 1315 καλείσθω
1294 1259 1354 1314 δὲ
1394 1257 1427 1330 ἡ
1467 1258 1695 1332 τοιαύτη
1734 1257 1875 1330 τομὴ

181 1349 535 1420 παραβολή.

295 1441 432 1494 ἔστω
472 1441 676 1509 κῶνος,
726 1432 794 1494 οὗ
835 1439 896 1494 τὸ
940 1446 992 1494 Α
1039 1450 1270 1510 σημεῖον
1317 1438 1566 1509 κορυφή,
1613 1435 1775 1508 βάσις
1814 1435 1876 1492 δὲ

185 1524 214 1582 ὁ
245 1532 356 1582 ΒΓ
386 1527 605 1598 κύκλος,
644 1529 734 1583 καὶ
775 1527 1069 1600 τετμήσθω
1112 1528 1350 1601 ἐπιπέδῳ
1392 1526 1485 1583 διὰ
1523 1530 1624 1583 τοῦ
1657 1525 1877 1596 ἄξονος,

182 1617 274 1672 καὶ
313 1623 533 1673 ποιείτω
574 1618 750 1689 τομὴν
789 1616 851 1674 τὸ
894 1622 1065 1673 ΑΒΓ
1112 1621 1418 1687 τρίγωνον,
1472 1615 1766 1687 τετμήσθω
1815 1614 1878 1672 δὲ

182 1706 274 1760 καὶ
308 1706 473 1782 ἑτέρῳ
509 1709 748 1782 ἐπιπέδῳ
781 1707 1040 1778 τέμνοντι
1073 1705 1175 1777 τὴν
1210 1707 1378 1777 βάσιν
1408 1708 1510 1761 τοῦ
1542 1703 1731 1760 κώνου
1753 1702 1872 1760 κατ’

185 1792 417 1851 εὐθεῖαν
443 1794 545 1866 τὴν
570 1802 625 1850 A
635 1802 687 1850 E
715 1794 852 1866 πρὸς
878 1794 1059 1866 ὀρθὰς
1084 1789 1262 1850 οὖσαν
1294 1798 1359 1868 τῇ
1385 1799 1504 1865 ΒΓ,
1537 1794 1628 1849 καὶ
1651 1798 1876 1850 ποιείτω

183 1883 359 1956 τομὴν
410 1887 469 1940 ἐν
517 1888 583 1958 τῇ
633 1887 933 1958 ἐπιφανείᾳ
975 1888 1077 1940 τοῦ
1115 1883 1304 1939 κώνου
1342 1883 1444 1955 τὴν
1482 1889 1677 1952 ΔΖΕ,
1731 1880 1764 1953 ἡ
1813 1882 1878 1939 δὲ

185 1973 480 2046 διάμετρος
503 1977 601 2045 τῆς
625 1977 795 2045 τομῆς
819 1971 850 2043 ἡ
874 1979 990 2028 ΖΗ
1007 1972 1362 2044 παράλληλος
1388 1976 1524 2028 ἔστω
1549 1975 1647 2045 μιᾷ
1665 1975 1877 2046 πλευρᾷ

183 2067 284 2120 τοῦ
324 2063 418 2119 διὰ
459 2067 560 2119 τοῦ
602 2062 801 2130 ἄξονος
838 2062 1121 2134 τριγώνου
1158 2065 1224 2135 τῇ
1258 2067 1382 2130 ΑΓ,
1422 2061 1513 2116 καὶ
1555 2059 1664 2116 ἀπὸ
1698 2064 1798 2116 τοῦ
1832 2066 1877 2116 Ζ

186 2158 419 2224 σημείου
457 2156 523 2225 τῇ
566 2157 685 2207 ΖΗ
718 2150 914 2226 εὐθείᾳ
954 2151 1094 2220 πρὸς
1132 2150 1313 2223 ὀρθὰς
1352 2150 1511 2222 ἤχθω
1551 2148 1586 2222 ἡ
1629 2156 1746 2221 ΖΘ,
1785 2151 1876 2205 καὶ

185 2243 531 2314 πεποιήσθω,
574 2240 646 2307 ὡς
685 2240 747 2297 τὸ
789 2240 897 2297 ἀπὸ
931 2246 1039 2296 ΒΓ
1072 2239 1209 2313 πρὸς
1241 2239 1303 2296 τὸ
1335 2238 1445 2295 ὑπὸ
1479 2245 1661 2310 ΒΑΓ,
1703 2237 1879 2305 οὕτως

185 2329 218 2403 ἡ
247 2337 348 2386 ΖΘ
378 2330 517 2402 πρὸς
545 2337 670 2400 ΖΑ,
707 2331 799 2385 καὶ
833 2330 1087 2402 εἰλήφθω
1119 2353 1171 2385 τι
1204 2340 1435 2401 σημεῖον
1466 2329 1553 2385 ἐπὶ
1583 2331 1680 2400 τῆς
1709 2331 1880 2400 τομῆς

185 2420 355 2492 τυχὸν
387 2422 450 2477 τὸ
484 2426 554 2489 Κ,
595 2420 687 2474 καὶ
720 2418 813 2475 διὰ
843 2423 944 2475 τοῦ
974 2425 1030 2475 K
1058 2423 1124 2492 τῇ
1160 2425 1276 2474 ΔΕ
1306 2418 1658 2491 παράλληλος
1687 2415 1722 2488 ἡ
1748 2423 1802 2472 K
1812 2423 1879 2473 A.

187 2511 354 2580 λέγω,
395 2508 480 2566 ὅτι
511 2508 571 2566 τὸ
605 2507 714 2564 ἀπὸ
747 2511 842 2580 τῆς
868 2515 923 2563 K
932 2514 979 2563 Λ
1013 2515 1138 2564 ἴσον
1172 2508 1285 2564 ἐστὶ
1316 2517 1391 2583 τῷ
1421 2506 1530 2562 ὑπὸ
1563 2510 1677 2563 τῶν
1701 2511 1876 2562 ΘΖΛ.

297 2600 457 2671 ἤχθω
497 2598 603 2671 γὰρ
649 2596 741 2654 διὰ
780 2601 882 2653 τοῦ
923 2603 973 2651 Λ
1019 2601 1085 2669 τῇ
1127 2602 1235 2652 ΒΓ
1267 2591 1685 2666 παράλληλοςὴ
1726 2600 1878 2650 ΜΝ·

189 2692 301 2743 ἔστι
350 2688 410 2743 δὲ
458 2689 550 2743 καὶ
589 2685 623 2759 ἡ
672 2691 785 2742 ΚΛ
829 2689 894 2759 τῇ
936 2693 1052 2741 ΔΕ
1094 2684 1458 2757 παράλληλος·
1519 2682 1581 2739 τὸ
1629 2682 1738 2756 ἄρα
1782 2682 1876 2738 ’διὰ

310 2827 378 2866 14.
419 2822 511 2879 Mg.
554 2836 613 2865 m.
655 2834 745 2865 reo.
789 2854 912 2866 .....
933 2818 995 2863 ολ“
1127 2819 1181 2864 V.
1334 2823 1405 2863 24.
1445 2813 1746 2875 πεποιήσθω]
1788 2830 1875 2873 cp3

187 2883 480 2925 πεποιείσθω
515 2881 570 2938 V,
603 2894 717 2925 corr.
750 2895 809 2925 m.
845 2885 885 2924 2.
