1982 3178
601 93 957 137 comcossUM
987 93 1167 134 LIBER
1196 93 1232 135 1.
1681 88 1759 141 -31

80 213 370 268 diametrus
403 216 581 267 autem
614 212 869 266 sectionis
901 212 958 264 in
991 211 1267 280 superficie
1300 212 1450 263 ortae
1484 213 1575 262 aut
1605 210 1762 262 lateri

9 342 13 379 ,-
81 303 242 356 alicui
278 302 537 372 trianguli
574 301 832 370 parallela
873 303 977 369 est,
1021 302 1116 351 aut
1155 301 1304 351 extra
1341 299 1600 352 uerticem
1640 299 1763 351 coni

0 316 4 450 i
81 410 200 446 cum
251 410 313 445 eo
361 391 652 459 concurrit,
706 389 1018 458 producitur
1067 377 1246 440 autem
1292 388 1350 439 in
1394 387 1662 440 infinitum
1708 389 1763 439 et

0 457 10 556 l¹
81 481 388 550 superficies
445 480 566 532 coni
619 481 674 531 et
727 478 948 546 planum
1000 495 1213 545 secam,
1267 477 1432 529 etiam
1487 476 1651 529 sectio
1704 476 1762 527 in

0 602 3 663 Ι
78 570 347 623 infinitum
395 571 616 637 crescet,
663 569 716 619 et
763 569 911 619 recta
958 583 989 618 a
1038 566 1272 618 sectione
1321 565 1442 618 coni
1487 567 1663 617 rectae
1705 565 1760 616 in

0 673 3 735 ξ
79 660 198 713 basi
237 659 358 712 coni
395 659 605 728 positae
643 656 903 725 parallela
943 655 1100 707 ducta
1140 674 1171 707 a
1210 654 1473 706 diametro
1508 652 1760 706 sectionis

82 749 149 802 ad
208 749 462 802 uerticem
514 750 717 800 rectam
770 745 988 797 cuilibet
1042 746 1218 796 rectae
1274 743 1430 795 datae
1485 742 1760 811 aequalem

0 862 1 907 3
83 837 374 890 abscindet.

194 925 264 978 sit
295 943 475 989 conuS,
514 923 662 977 cuius
696 924 881 974 uertex
914 922 986 973 sit
1017 923 1272 990 punctum
1304 925 1371 990 A,
1402 920 1549 972 basis
1583 922 1760 972 autem

83 1015 311 1068 circulus
337 1015 454 1082 ΒΓ,
486 1016 540 1065 et
560 1012 724 1081 plano
748 1028 845 1081 per
870 1028 1023 1062 axem
1048 1012 1269 1075 secetur,
1303 1008 1444 1078 quod
1470 1008 1761 1061 sectionem

869 1099 1066 1152 efficiat
1095 1099 1432 1167 triangulum
1458 1103 1511 1150 A
1521 1100 1567 1149 B
1578 1099 1646 1165 Γ;
1678 1115 1761 1150 se-

774 1177 783 1188 (
869 1190 1017 1240 cetur
1043 1189 1222 1239 autem
1247 1188 1410 1239 etiam
1445 1186 1549 1238 alio
1579 1186 1760 1255 plan0,

849 1276 1011 1345 -quod
1044 1276 1301 1328 circulum
1324 1277 1435 1328 ΒΓ
1470 1274 1759 1326 secundum

868 1367 1071 1417 rectam
1096 1368 1151 1415 Δ
1160 1368 1212 1416 Ε
1241 1367 1385 1417 secet
1418 1363 1485 1415 ad
1509 1364 1619 1414 ΒΓ
1641 1380 1757 1430 per-

869 1452 1269 1520 pendicularem
1306 1455 1359 1504 et
1391 1452 1447 1503 in
1481 1450 1757 1519 superficie

871 1541 993 1592 coni
1019 1541 1309 1593 sectionem
1335 1539 1535 1593 efficiat
1558 1539 1757 1590 lineam

870 1631 1051 1680 AZE.
1114 1628 1403 1680 diametrus
1437 1630 1617 1679 autem
1650 1629 1763 1679 ZH

872 1716 1127 1769 sectionis
1154 1720 1208 1768 Δ
1218 1720 1325 1769 ΖΕ
1346 1719 1438 1768 aut
1461 1718 1636 1768 rectae
1653 1720 1705 1767 Α
1715 1717 1768 1767 Γ

870 1806 1134 1874 parallela
1158 1805 1228 1858 sit
1253 1808 1347 1857 aut
1361 1804 1622 1873 producta
1641 1822 1759 1857 cum

874 1912 937 1947 ea
998 1898 1151 1947 extra
1210 1896 1471 1963 punctum
1525 1898 1578 1945 A
1639 1910 1762 1945 con-

877 1986 1070 2036 currat.
1133 1982 1266 2050 dico,
1299 1982 1345 2034 si
1377 1985 1430 2034 et
1455 1981 1762 2050 superficies

880 2072 1000 2123 coni
1040 2075 1094 2123 et
1125 2071 1344 2140 planum
1382 2088 1566 2123 secans
1597 2069 1654 2121 in
1685 2070 1762 2121 in-

90 2155 300 2207 finitum
323 2156 702 2227 producantur,
729 2159 891 2211 etiam
918 2160 1206 2212 sectionem
1227 2163 1399 2211 AZE
1418 2160 1472 2211 in
1496 2158 1764 2210 infinitum

4 2282 8 2296 2
90 2261 336 2296 crescere.

198 2332 522 2400 producatur
583 2333 726 2385 enim
788 2336 842 2386 et
902 2335 1210 2404 superficies
1265 2335 1386 2388 coni
1440 2337 1492 2386 et
1544 2334 1765 2402 planum

14 2470 17 2475 .
92 2438 289 2474 secans,
329 2420 673 2474 manifestum
690 2422 860 2492 igitur
879 2425 976 2491 est,
999 2423 1162 2475 etiam
1178 2425 1350 2475 rectas
1368 2427 1420 2474 A
1429 2426 1490 2490 B,
1515 2423 1634 2490 ΑΓ,
1658 2425 1776 2473 ΖΗ

92 2508 248 2561 simul
288 2509 525 2577 produci.
591 2511 698 2562 iam
737 2511 990 2580 quoniam
1023 2514 1140 2563 ZH
1174 2513 1267 2563 aut
1301 2513 1476 2563 rectae
1509 2515 1560 2562 A
1570 2512 1623 2562 Γ
1646 2528 1765 2578 par-

93 2596 250 2648 allela
289 2600 371 2649 est
411 2602 504 2651 aut
540 2599 802 2666 producta
843 2617 962 2651 cum
1000 2617 1062 2651 ca
1094 2601 1243 2650 extra
1273 2601 1532 2667 punctum
1563 2602 1616 2649 A
1648 2616 1768 2650 con-

93 2685 272 2751 currit,
303 2688 478 2738 rectae
503 2688 628 2755 ZH,
651 2690 704 2737 Α
712 2687 765 2737 Γ
788 2686 1076 2754 productae
1097 2686 1175 2738 ad
1205 2689 1385 2754 partes
1411 2686 1470 2753 Γ,
1494 2687 1557 2737 Η
1579 2703 1767 2737 uersus

92 2790 363 2841 nunquam
411 2776 741 2826 concurrent.
816 2774 1180 2842 producantur
1225 2774 1412 2842 igitur,
1461 2775 1515 2824 et
1560 2773 1616 2824 in
1656 2776 1778 2825 ZH

66 2863 351 2942 'punctum
391 2861 608 2929 aliquod
641 2864 887 2914 sumatur
919 2865 979 2930 Θ,
1020 2865 1074 2914 et
1102 2879 1198 2931 per
1230 2864 1276 2913 Θ
1307 2863 1563 2929 punctum
1593 2864 1768 2913 rectae
