1982 3138
122 1054 178 1094 10

123 1483 176 1523 15

121 1944 178 1985 20

122 2388 179 2428 25

211 110 322 165 390
878 113 1158 157 ΚΩΝΙΚῼΝ
1187 110 1252 169 γ’.
1285 155 1296 164 ,

210 236 343 286 ΛΗ.
413 228 488 295 ὡς
528 230 589 286 δὲ
628 251 690 286 το
732 228 843 287 ἀπὸ
878 236 995 287 ΕΚ
1029 231 1172 303 πρὸς
1209 232 1272 287 τὸ
1315 227 1423 287 ἄπο
1465 237 1593 302 ΚΖ,
1632 232 1910 289 δέδεικται

209 321 272 376 τὸ
320 318 430 375 ὑπὸ
473 324 660 375 ΝΛΚ
698 319 838 392 πρὸς
883 321 945 375 τὸ
994 316 1103 375 ἀπὸ
1146 325 1283 376 ΛΗ·
1355 327 1481 376 ἴσον
1527 319 1637 392 ἄρα
1681 322 1745 377 τὸ
1795 318 1907 378 ὑπὸ

210 415 275 464 N
278 415 397 464 AK
434 412 511 485 τῷ
551 407 662 465 ἀπὸ
696 415 840 466 ΜΛ.
898 410 1096 465 κοινὸν
1135 413 1490 481 προσκείσθω
1529 410 1593 466 τὸ
1633 406 1741 466 ἄπο
1775 414 1910 466 ΚΕ·

209 497 272 554 τὸ
313 496 424 571 ἄρα
463 495 571 554 ὑπὸ
597 503 662 553 N
666 503 783 553 ΛΚ
818 496 952 570 μετὰ
982 501 1084 554 τοῦ
1117 496 1225 553 ἀπὸ
1250 502 1380 569 ΚΕ,
1419 496 1671 555 τουτέστι
1699 497 1763 555 τὸ
1797 497 1907 555 ἀπὸ

212 593 263 642 Λ
272 593 339 658 Ε,
370 588 620 643 τουτέστι
652 584 714 642 τὸ
739 583 849 642 ἀπὸ
874 587 1001 656 ΗΞ,
1036 593 1162 641 ἴσον
1187 586 1301 641 ἐστὶ
1333 597 1451 651 τοῖς
1477 582 1586 642 ἀπὸ
1610 591 1755 657 ΜΛ,
1780 592 1911 643 ΚΕ.

211 674 287 742 ὡς
326 676 388 732 δὲ
426 675 490 732 τὸ
531 674 639 731 ἀπὸ
679 677 794 739 ΗΞ
829 675 970 746 πρὸς
1005 672 1072 730 τὰ
1113 672 1222 730 ἀπὸ
1266 679 1412 744 ΜΛ,
1442 679 1580 746 ΚΕ,
1629 672 1808 741 οὕτως
1843 674 1909 732 τὸ

211 762 319 821 ἀπὸ
353 767 465 829 ΞΓ
493 764 634 836 πρὸς
671 764 737 820 τὰ
780 763 888 820 ἀπὸ
923 770 1058 834 ΛΗ,
1091 768 1222 819 ΚΖ·
1265 769 1392 818 ἴσον
1431 763 1542 834 ἄρα
1572 762 1634 820 τὸ
1667 761 1777 820 ἀπὸ
1809 766 1918 827 ΞΓ

208 866 326 919 τοῖς
364 854 473 910 ἀπὸ
512 860 650 925 ΗΛ,
683 860 809 909 ΚΖ.
873 860 1000 909 ἴσον
1039 852 1102 908 δὲ
1139 851 1201 909 τὸ
1242 851 1344 923 μὲν
1384 850 1493 908 ἀπὸ
1527 858 1653 908 ΛΗ
1681 855 1758 928 τῷ
1799 850 1909 910 ἀπὸ

209 946 331 1014 ΞΕ,
370 943 433 1000 τὸ
467 942 529 999 δὲ
561 940 670 999 ἀπὸ
703 949 814 999 ΚΖ
852 946 928 1018 τῷ
964 939 1073 998 ἀπὸ
1107 945 1205 1013 τῆς
1236 939 1490 1020 ἡμισείας
1519 945 1617 1013 τῆς
1648 943 1912 1014 δευτέρας

211 1035 537 1106 διαμέτρου,
585 1034 836 1088 τουτέστι
882 1034 957 1107 τῷ
1005 1029 1114 1087 ὑπο
1155 1036 1347 1087 ΓΕΔ·
1407 1053 1470 1087 το
1511 1029 1622 1102 ἄρα
1660 1028 1769 1087 ἀπὸ
1811 1033 1916 1095 ΓΞ

210 1130 336 1177 ἴσον
385 1121 499 1177 ἐστὶ
546 1124 619 1196 τῷ
661 1143 718 1176 τε
766 1119 874 1176 ἀπὸ
914 1123 1021 1184 ΞΕ
1063 1119 1156 1175 καὶ
1202 1123 1278 1196 τῷ
1326 1117 1436 1176 ὑπὸ
1476 1124 1656 1175 ΓΕΔ.
1726 1117 1761 1192 ἡ
1802 1117 1910 1192 ἄρα

209 1215 312 1265 ΓΔ
354 1212 481 1281 δίχα
521 1210 622 1281 μὲν
661 1211 922 1281 τέτμηται
959 1210 1098 1264 κατὰ
1140 1207 1202 1264 τὸ
1240 1211 1303 1279 Ξ,
1345 1213 1423 1275 εἰς
1463 1208 1525 1264 δὲ
1563 1209 1732 1264 ἄνισα
1769 1208 1908 1266 κατὰ

207 1322 270 1355 το
309 1305 370 1354 Ε.
431 1299 523 1354 καὶ
562 1298 916 1371 παράλληλος
949 1296 983 1372 ἣ
1015 1304 1127 1354 ΔΘ
1164 1301 1230 1371 τῇ
1263 1300 1400 1361 ΗΞ·
1448 1305 1540 1369 ἴση
1581 1298 1691 1370 ἄρα
1729 1295 1764 1370 ἡ
1798 1303 1920 1354 ΓΗ

208 1391 274 1461 τῇ
315 1393 443 1443 ΗΘ.

1011 1460 1119 1531 λβ’.

326 1565 460 1623 Ἐὰν
521 1563 836 1637 ὑπερβολῆς
897 1564 1001 1621 δύο
1064 1565 1285 1620 εὐθεῖαι
1339 1565 1720 1636 ἐφαπτόμεναι
1775 1581 1912 1637 συμ-

210 1661 473 1728 πίπτωσι,
522 1657 612 1712 καὶ
655 1654 749 1711 διὰ
779 1659 903 1711 τῶν
943 1652 1106 1727 ἁφῶν
1154 1651 1352 1710 εὐθεῖα
1392 1655 1664 1726 ἐκβληθῇ,
1713 1651 1808 1709 διὰ
1848 1654 1911 1710 δὲ

209 1749 306 1817 τῆς
345 1745 717 1817 συμπτώσεως
755 1747 868 1800 τῶν
911 1743 1312 1815 ἐφαπτομένων
1349 1739 1498 1816 ἀχθῇ
1531 1740 1727 1799 εὐθεῖα
1757 1742 1909 1816 παρὰ

208 1835 313 1904 τὴν
353 1835 448 1900 τὰς
487 1831 638 1904 ἁφὰς
677 1832 1178 1904 ἐπιζευγνύουσαν,
1218 1830 1313 1887 διὰ
1353 1830 1416 1887 δὲ
1453 1834 1551 1903 τῆς
1590 1834 1911 1903 διχοτομίας

209 1927 305 1994 τῆς
343 1922 440 1988 τὰς
479 1920 631 1994 ἁφὰς
670 1921 1137 1992 ἐπιζευγνυούσης
1175 1918 1323 1993 ἀχθῇ
1365 1920 1563 1976 εὐθεῖα
1599 1918 1751 1991 παρά
1782 1941 1909 1975 τινα

208 2015 323 2067 τῶν
370 2009 779 2083 ἆσυμπτωτων,
836 2008 870 2081 ἡ
918 2008 1123 2081 μεταξὺ
1168 2013 1266 2079 τῆς
1315 2013 1635 2079 διχοτομίας
1679 2008 1773 2064 καὶ
1811 2011 1911 2079 τῆς

182 2151 184 2153 .
209 2098 569 2171 παραλλήλου
600 2097 1106 2170 ἀπολαμβανομένη
1142 2101 1270 2170 δίχα
1301 2096 1645 2169 τμηθήσεται
1677 2094 1786 2153 ὑπὸ
1811 2100 1911 2168 τῆς

208 2210 392 2260 τομής.

322 2282 462 2333 ἔστω
502 2274 855 2348 ὑπερβολὴὴ
898 2281 1080 2347 ΑΒΓ,
1132 2268 1196 2346 ἧς
1234 2276 1469 2347 κέντρον
1506 2273 1569 2331 τὸ
1611 2282 1691 2346 Δ,
1732 2272 1910 2346 ἀσύμ-

211 2387 423 2431 πτωτος
464 2365 525 2422 δὲ
565 2363 599 2436 ἡ
633 2371 763 2435 ΔΕ,
804 2365 895 2420 καὶ
932 2366 1376 2436 ἐφαπτέσθωσαν
1407 2366 1471 2418 αἱ
1496 2369 1551 2418 Α
1562 2368 1624 2434 Ζ,
1658 2367 1776 2433 ΖΓ,
1815 2362 1910 2417 καὶ

212 2455 522 2527 ἐπεζεύχθω
571 2454 605 2525 ἡ
648 2460 749 2510 ΓΑ
794 2454 888 2510 καὶ
934 2452 968 2525 ἡ
1012 2459 1123 2508 ΖΛ
1168 2452 1262 2508 καὶ
1308 2451 1665 2523 ἐκβεβλήσθω
1713 2451 1802 2507 ἐπὶ
1840 2452 1907 2506 τὰ

211 2550 286 2615 Η,
312 2551 379 2600 Θ·
420 2542 674 2615 φανερὸν
709 2541 797 2613 δή,
839 2539 923 2597 ὅτι
957 2548 1048 2613 ἴση
1084 2541 1233 2597 ἐστὶν
1266 2538 1299 2611 ἡ
1332 2546 1435 2595 ΑΘ
1472 2543 1538 2612 τῇ
1567 2544 1684 2595 ΘΓ.
1745 2538 1906 2611 ἤχθω

212 2633 281 2703 δὴ
325 2634 418 2688 διὰ
453 2632 554 2703 μὲν
594 2640 695 2687 τοῦ
730 2637 774 2686 Ζ
813 2633 962 2702 παρὰ
994 2631 1097 2701 τὴν
1129 2634 1244 2685 ΑΓ
1276 2627 1310 2700 ἡ
1346 2634 1470 2699 ΖΚ,
1512 2627 1605 2683 διὰ
1637 2627 1699 2683 δὲ
1730 2630 1832 2683 τοῦ
1860 2633 1909 2682 Θ

334 2801 374 2841 6.
408 2795 530 2852 ΗΞ]
563 2810 608 2851 p,
641 2807 757 2838 corr.
790 2807 848 2837 ex
879 2795 980 2836 ΗΓ
1006 2808 1067 2838 m.
1102 2797 1125 2834 1
1161 2792 1223 2847 V;
1268 2790 1419 2835 ΗΓΞ
1446 2804 1524 2834 ev.
1642 2787 1721 2846 τά]
1754 2786 1807 2834 τό
1840 2788 1906 2843 V;

211 2869 327 2899 corr.
359 2869 405 2910 p.
553 2859 592 2898 7.
626 2850 706 2910 τά]
739 2850 792 2896 τό
825 2851 888 2908 V;
923 2865 1038 2897 corr.
1071 2867 1115 2908 p.
1260 2854 1330 2893 26.
1366 2849 1472 2907 ZA]
1509 2849 1602 2892 ΞΔ
1631 2863 1697 2894 vc
1730 2849 1779 2893 et
1810 2846 1906 2903 V?;

210 2928 326 2959 corr.
360 2929 404 2971 p.
