1982 3178
110 1011 167 1051 10

116 1455 171 1496 15

116 1901 174 1941 20

1575 60 1606 72 Δ

192 78 266 130 50
858 77 1138 121 ΚῼΝΙΚΩΝ
1169 73 1237 122 α’.
1952 0 1982 130 Γ

191 194 355 267 κοινὴ
398 195 461 251 δὲ
499 194 638 266 τομὴ
680 198 784 251 τοῦ
823 195 1124 267 τέμνοντος
1163 195 1428 250 ἐπιπέδου
1468 194 1562 249 καὶ
1596 197 1718 265 τοῦ,
1758 194 1819 249 ἐν
1852 185 1899 266 ᾧ
1950 199 1958 266 '3

195 287 347 341 ἐστιν
394 282 428 355 ἡ
477 284 640 355 βάσις
685 286 788 339 τοῦ
834 283 1050 353 κώνου,
1099 287 1237 339 ἔστω
1287 280 1321 354 ἡ
1376 288 1494 339 ΖΗ
1532 281 1674 354 πρὸς
1719 280 1904 353 ὀρθὰς
1944 281 1961 357 3

195 367 339 430 οὖσα
378 382 444 447 τῇ
486 378 612 443 ΒΓ,
653 370 687 443 ἡ
730 371 792 428 δὲ
833 371 1128 444 διάμετρος
1166 375 1263 443 τῆς
1299 375 1473 444 τομῆς
1512 375 1650 445 ἔστω
1689 369 1724 443 ἡ
1757 377 1898 442 ΕΔ,
1951 360 1961 427 ἕ

202 464 294 519 καὶ
334 461 444 518 ἀπὸ
486 465 586 524 τοῦ
626 467 679 516 Ε
713 464 779 534 τῇ
821 468 931 517 ΕΔ
970 459 1108 534 πρὸς
1148 459 1330 533 ὀρθὰς
1368 461 1529 533 ἤχθω
1569 458 1604 532 ἡ
1637 466 1767 531 ΕΘ,
1805 459 1899 517 καὶ
1948 429 1959 541 ξ

196 551 289 608 διὰ
344 554 447 607 τοῦ
501 559 554 606 A
608 553 673 623 τῇ
730 556 844 605 ΕΔ
898 551 1251 622 παράλληλος
1305 548 1467 622 ἤχθω
1522 547 1556 621 ἡ
1613 555 1754 620 ΑΚ,
1808 549 1901 605 καὶ
1943 538 1957 595 ἶ

195 642 523 712 πεποιήσθω
566 637 640 706 ὡς
677 637 740 695 τὸ
782 637 891 695 ἀπὸ
925 644 1046 694 ΑΚ
1079 638 1219 708 πρὸς
1255 637 1319 695 τὸ
1350 636 1458 695 ὑπὸ
1494 643 1682 711 ΒΚΓ,
1723 638 1902 704 οὕτως
1947 620 1957 708 ἶ

195 729 229 801 ἡ
265 737 382 785 ΔΕ
416 728 555 801 πρὸς
593 727 698 799 τὴν
729 733 859 798 ΕΘ,
900 728 992 782 καὶ
1033 729 1285 799 εἰλήφθω
1325 749 1377 784 τι
1418 739 1649 799 σημεῖον
1684 727 1773 783 ἐπὶ
1803 735 1902 799 τῆς
1949 710 1960 740 ¹

195 821 366 890 τομῆς
403 816 466 873 τὸ
501 823 570 888 Λ,
611 817 703 872 καὶ
744 815 838 872 διὰ
876 826 977 872 τοῦ
1011 823 1062 871 Λ
1100 820 1166 890 τῇ
1202 822 1323 871 ΖΗ
1353 816 1706 889 παράλληλος
1739 815 1903 889 ἤχθω
1956 784 1972 874 3

198 906 232 979 ἡ
269 913 319 963 A
333 913 409 963 M.
471 908 632 977 λέγω,
675 904 760 961 ὅτι
800 903 833 976 ἡ
869 911 1003 960 ΛΜ
1034 905 1276 962 δύναταί
1309 927 1360 961 τι
1398 910 1625 978 χωρίον,
1667 902 1696 962 ὃ
1729 903 1904 977 παρά-
1971 910 1977 939 ²

198 1018 375 1052 κειται
423 994 570 1067 παρὰ
617 993 721 1066 τὴν
762 1000 867 1049 ΕΘ
912 996 1118 1060 πλάτος
1167 999 1294 1066 ἔχον
1347 993 1448 1066 τὴν
1488 1000 1615 1051 ΕΜ
1651 995 1906 1050 ἐλλεῖπον

201 1089 339 1141 εἴδει
380 1082 556 1158 ὁμοίω
596 1087 673 1159 τῷ
714 1081 824 1139 ὑπὸ
865 1087 978 1139 τῶν
1018 1089 1200 1139 ΔΕΘ.
1296 1122 1301 1127 -
1968 1069 1982 1134 ’ἐ

315 1172 628 1245 ἐπεζεύχθω
669 1170 777 1244 γὰρ
817 1170 850 1243 ἡ
885 1178 1020 1244 ΔΘ,
1057 1173 1150 1227 καὶ
1192 1171 1285 1228 διὰ
1328 1171 1430 1244 μὲν
1468 1175 1571 1228 τοῦ
1605 1174 1766 1246 Μτῇ
1799 1178 1909 1228 ΘΕ

201 1262 557 1335 παράλληλος
594 1260 756 1332 ἤχθω
796 1258 830 1331 ἡ
873 1263 1081 1330 ΜΞΝ,
1123 1259 1215 1316 διὰ
1259 1260 1321 1316 δὲ
1359 1264 1471 1317 τῶν
1505 1266 1569 1332 Θ,
1602 1263 1652 1324 Ξ
1686 1264 1751 1335 τῇ
1785 1266 1916 1316 ΕΜ

202 1352 554 1423 παράλληλοι
592 1349 864 1421 ἤχθωσαν
906 1352 967 1405 αἱ
996 1355 1133 1420 ΘΝ,
1173 1352 1300 1421 ΞΟ,
1340 1350 1433 1405 καὶ
1474 1348 1568 1405 διὰ
1604 1358 1707 1406 τοῦ
1737 1354 1805 1406 Μ
1840 1357 1906 1423 τῇ

205 1445 316 1496 ΒΓ
354 1439 708 1512 παράλληλος
754 1437 914 1510 ἤχθω
963 1436 996 1510 ἡ
1037 1445 1234 1495 ΠΜΡ.
1305 1439 1419 1494 ἐπεὶ
1470 1432 1575 1494 οὗν
1621 1436 1656 1510 ἡ
1695 1444 1807 1492 ΠΡ
1839 1439 1906 1512 τῇ

202 1534 312 1584 ΒΓ
358 1527 716 1601 παράλληλός
771 1531 948 1598 ἐστιν,
1005 1532 1120 1584 ἔστι
1166 1527 1239 1583 ’δὲ
1286 1529 1378 1583 καὶ
1426 1526 1460 1598 ἡ
1511 1533 1645 1583 ΛΜ
1682 1530 1747 1601 τῇ
1797 1532 1918 1583 ΖΗ
1960 1551 1962 1555 ’

203 1618 575 1691 παράλληλος,
615 1616 676 1672 τὸ
719 1616 828 1688 ἄρα
869 1616 961 1672 διὰ
995 1620 1109 1672 τῶν
1142 1623 1192 1672 Λ
1205 1622 1292 1687 Μ,
1334 1623 1448 1671 ΠΡ
1475 1618 1740 1672 ἐπίπεδον
1772 1634 1909 1688 παρ-
1963 1687 1965 1690 ⁴

205 1706 454 1777 άλληλόν
496 1708 611 1762 ἐστι
650 1709 725 1781 τῷ
768 1704 860 1760 διὰ
902 1709 1017 1761 τῶν
1053 1712 1188 1777 ΖΗ,
1229 1711 1339 1761 ΒΓ
1364 1707 1622 1780 ἐπιπέδῳ,
1660 1705 1910 1762 τουτέστι
1969 1757 1982 1782 ‚4

205 1805 272 1869 τῇ
316 1795 477 1866 βάσει
515 1803 617 1851 τοῦ
657 1794 861 1849 κω’νου.
925 1793 1023 1850 ἐὰν
1064 1793 1173 1866 ἄρα
1207 1797 1454 1867 ἐκβληθῇ
1488 1792 1581 1850 διὰ
1612 1796 1727 1849 τῶν
1760 1799 1910 1863 ΛΜ,
1971 1787 1982 1838 '1⁷

209 1889 324 1938 ΠΡ
365 1886 656 1952 ἐπίπεδον,
704 1882 737 1954 ἡ
784 1882 923 1954 τομὴ
964 1883 1169 1948 κύκλος
1208 1887 1384 1953 ἔσται,
1434 1876 1502 1939 οὗ
1539 1883 1836 1956 διάμετρος
1874 1878 1908 1953 ἡ
1974 1864 1982 1918 ³*-

209 1979 270 2027 Π
276 1978 330 2028 Ρ.
399 1976 497 2026 καί
532 1970 647 2027 ἐστι
685 1970 924 2036 κάθετος
955 1969 1038 2027 ἐπ’
1077 1970 1254 2042 αὐτὴν
1286 1970 1319 2043 ἡ
1355 1978 1501 2027 ΛΜ·
1564 1970 1625 2028 τὸ
1659 1970 1769 2041 ἄρα
1799 1968 1910 2026 ὑπὸ

209 2063 322 2115 τῶν
355 2066 417 2115 Π
423 2066 547 2115 ΜΡ
581 2067 706 2115 ἴσον
739 2060 853 2115 ἐστὶ
886 2064 962 2136 τῷ
996 2059 1106 2116 ἀπὸ
1141 2064 1236 2131 τῆς
1267 2066 1409 2118 ΛΜ.
1469 2061 1561 2116 καὶ
1597 2061 1717 2115 ἐπεί
1743 2062 1912 2130 ἐστιν,

209 2147 284 2213 ὡς
331 2148 394 2204 τὸ
443 2146 552 2203 ἀπὸ
602 2152 699 2219 τῆς
737 2155 857 2204 ΑΚ
901 2147 1039 2220 πρὸς
1084 2147 1143 2205 τὲ
1196 2147 1306 2205 ὑπὸ
1345 2153 1460 2204 τῶν
1499 2154 1689 2220 ΒΚΓ,
1737 2148 1914 2214 οὕτως
1976 2139 1982 2203 ζ

209 2235 243 2307 ἡ
284 2243 398 2292 ΕΛ
437 2236 575 2310 πρὸς
613 2236 715 2308 τὴν
756 2243 887 2307 ΕΘ,
929 2236 957 2293 ὁ
1000 2237 1061 2294 δὲ
1099 2241 1200 2294 τοῦ
1241 2235 1349 2293 ἀπὸ
1389 2241 1486 2309 τῆς
1519 2244 1638 2293 AK
1672 2237 1811 2309 πρὸς
1847 2237 1912 2293 τὸ

155 2345 179 2383 5
214 2323 323 2381 ὑπὸ
363 2329 477 2381 τῶν
509 2331 683 2381 ΒΚΓ
715 2326 881 2397 λόγος
921 2327 1204 2397 σύγκειται
1244 2329 1303 2383 ἐκ
1334 2330 1452 2397 τοῦ,
1493 2323 1561 2382 ὃν
1593 2330 1701 2398 ἔχει
1732 2323 1767 2397 ἡ
1800 2329 1919 2380 ΑΚ

216 2413 357 2486 πρὸς
395 2421 533 2485 ΚΒ,
579 2415 672 2470 καὶ
719 2412 752 2485 ἡ
793 2420 912 2469 ΑΚ
953 2414 1091 2486 πρὸς
1130 2420 1262 2486 ΚΓ,
1310 2413 1432 2471 ἀλλ’
1471 2412 1545 2480 ὥς
1583 2415 1685 2486 μὲν
1723 2411 1758 2485 ἡ
1799 2418 1918 2468 ΑΚ

217 2502 358 2573 πρὸς
396 2509 534 2573 ΚΒ,
584 2501 761 2568 οὕτως
806 2502 839 2574 ἡ
880 2509 1001 2558 ΕΗ
1034 2502 1172 2575 πρὸς
1210 2510 1349 2574 ΗΒ,
1397 2504 1680 2559 τουτέστιν
1720 2499 1754 2573 ἡ
1795 2506 1925 2557 ΕΜ

218 2591 360 2664 πρὸς
393 2599 548 2662 ΜΠ,
590 2590 665 2658 ὡς
705 2592 766 2647 δὲ
798 2589 831 2662 ἡ
867 2598 984 2647 ΑΚ
1012 2592 1149 2664 πρὸς
1179 2598 1313 2663 ΚΓ,
1354 2590 1528 2658 οὕτως
1561 2589 1593 2662 ἡ
1630 2596 1757 2646 ΔΗ
1778 2588 1919 2661 πρὸς

217 2686 354 2749 ΗΓ,
393 2682 679 2737 τουτέστιν
719 2679 752 2752 ἡ
786 2687 923 2737 ΔΜ
950 2680 1088 2754 πρὸς
1122 2688 1262 2752 ΜΡ,
1304 2679 1332 2736 ὁ
1369 2679 1477 2754 ἄρα
1507 2683 1605 2751 τῆς
1636 2685 1753 2734 ΔΕ
1779 2677 1917 2751 πρὸς

340 2819 380 2859 4.
416 2815 531 2873 ΕΘ]
566 2830 589 2858 e
624 2828 739 2861 corr.
772 2830 832 2859 m.
862 2819 884 2858 1
918 2814 973 2859 V.
1068 2820 1108 2859 6.
1139 2815 1436 2859 πεποιείσθω
1469 2812 1532 2868 V;
1563 2789 1679 2856 ’corn
1705 2825 1751 2868 p.
1845 2815 1914 2854 13.

218 2875 415 2931 ΜΞΝ]
451 2875 615 2922 ΜΝΞ
637 2874 698 2929 V3
733 2888 847 2919 corr.
876 2873 1148 2919 Command.
1242 2878 1311 2918 15.
1337 2870 1385 2931 ἡ]
1407 2874 1512 2930 (pr.)
1539 2885 1628 2916 om.
1649 2872 1710 2925 V3
1737 2883 1852 2915 corr.
1870 2885 1914 2927 p.
