1942 3172
171 90 244 143 14
841 91 1119 135 ΚΩΝΙΚΩΝ
1149 87 1216 136 α’.

281 211 393 267 ἐπεὶ
442 209 548 283 γὰρ
603 208 636 282 ἡ
685 208 796 267 ἀπὸ
843 217 946 266 τοῦ
992 219 1044 266 Α
1093 210 1179 267 ἐπὶ
1226 209 1287 266 τὸ
1337 215 1383 265 Β
1431 211 1860 284 ἐπιζευγνυμένη

167 298 330 372 κοινὴ
369 300 510 372 τομή
553 302 667 357 ἐστι
706 303 809 356 τοῦ
847 301 1148 372 τέμνοντος
1187 300 1450 356 ἐπιπέδου
1494 299 1587 356 καὶ
1624 303 1724 373 τῆς
1759 310 1863 358 τοῦ

168 390 358 447 κώνου
404 392 753 462 ἐπιφανείας,
802 387 997 446 εὐθεῖα
1045 388 1154 461 ἄρα
1201 389 1352 445 ἐστὶν
1398 386 1433 460 ἡ
1474 395 1604 445 ΑΒ·
1657 387 1864 462 ὁμοίως

168 479 231 536 δὲ
269 482 361 536 καὶ
400 478 434 552 ἡ
477 489 529 535 A
540 485 599 536 Γ.
679 483 794 535 ἔστι
842 478 903 535 δὲ
950 479 1042 534 καὶ
1082 477 1115 550 ἡ
1158 483 1268 535 ΒΓ
1300 476 1507 535 εὐθεῖα.
1580 472 1861 551 ντρίγωνον

108 587 134 627 5
167 569 277 642 ἄρα
317 570 432 626 ἐστὶ
471 569 532 626 τὸ
579 574 757 625 ΑΒΓ.

278 658 377 716 ἐὰν
409 658 520 731 ἄρα
557 663 740 726 κῶνος
778 659 1016 734 ἐπιπέδῳ
1058 658 1171 714 τινὶ
1211 660 1399 731 τμηθῇ
1439 657 1533 714 διὰ
1572 661 1671 730 τῆς
1699 680 1862 732 κορυ-

168 753 294 821 φῆς,
334 747 367 821 ἡ
402 748 541 821 τομὴ
583 747 860 821 τρίγωνόν
902 750 1066 804 ἐστιν.

976 926 1033 982 ὃ]

273 1030 404 1088 Ἐὰν
454 1030 801 1105 ὁποτεραοῦν
848 1036 959 1088 τῶν
1014 1030 1151 1087 κατὰ
1206 1030 1463 1102 κορυφὴν
1519 1034 1858 1104 ἐπιφανειῶν

77 1139 132 1180 10
165 1123 402 1197 ἐπιπέδῳ
451 1121 563 1178 τινὶ
609 1124 796 1193 τμηθῇ
844 1120 1179 1196 παραλλήλῳ
1227 1129 1303 1195 τῷ
1342 1119 1554 1195 κύκλῳ,
1608 1118 1741 1176 καθ’
1786 1114 1857 1178 οὗ
1938 1117 1942 1167 ἶ

165 1213 390 1283 φέρεται
422 1209 455 1283 ἡ
491 1210 790 1283 γράφουσα
821 1209 923 1282 τὴν
957 1210 1288 1282 ἐπιφάνειαν
1321 1211 1534 1281 εὐθεῖα,
1573 1209 1635 1266 τὸ
1663 1211 1857 1267 ἐναπο·
1939 1274 1942 1284 1

163 1299 596 1373 λαμβανόμενον
637 1302 898 1355 ἐπίπεδον
937 1299 1140 1371 μεταξὺ
1173 1308 1270 1371 τῆς
1301 1301 1624 1370 ἐπιφανείας
1653 1300 1854 1366 κύκλος
1939 1293 1942 1310 ¹

166 1394 316 1445 ἔσται
363 1388 425 1445 τὸ
474 1390 708 1460 κέντρον
748 1393 890 1494 έχων
938 1389 1024 1443 ἐπὶ
1071 1391 1173 1444 τοῦ
1213 1386 1438 1459 ἄξονος,
1491 1386 1555 1444 τὸ
1602 1387 1664 1444 δὲ
1708 1409 1858 1462 περι·
1939 1390 1942 1428 i

163 1478 433 1551 εχόμενον
452 1481 633 1550 σχῆμα
659 1475 767 1532 ὑπό
792 1499 849 1532 τε
873 1480 974 1532 τοῦ
998 1476 1210 1532 κύκλου
1232 1478 1322 1532 καὶ
1347 1480 1444 1548 τῆς
1466 1475 1858 1550 ἀπολαμβανο-

78 1586 131 1625 15
165 1569 334 1640 μένης
363 1565 474 1623 ὑπὸ
507 1569 609 1622 τοῦ
639 1567 941 1638 τέμνοντος
973 1566 1236 1621 ἐπιπέδου
1267 1569 1507 1637 κωνικῆς
1534 1567 1856 1659 ἐπιφανείας
1936 1585 1942 1624 ἐ

163 1656 302 1730 πρὸς
340 1661 404 1729 τῇ
445 1666 666 1730 κορυφῇ
706 1664 886 1721 κῶνος
926 1660 1091 1711 ἐσται.
1939 1637 1942 1676 ³

276 1750 413 1801 ἐστω
453 1744 663 1816 κωνικὴ
704 1743 1024 1815 ἐπιφάνεια,
1065 1736 1131 1815 ἧς
1168 1742 1389 1814 κορυφὴ
1428 1744 1530 1816 μὲν
1569 1742 1632 1801 τὸ
1671 1752 1724 1799 Α
1762 1761 1857 1815 ση-
1935 1751 1942 1790 ἑ

163 1847 340 1907 μεῖον,
382 1831 410 1890 ὁ
447 1834 509 1891 δὲ
541 1834 759 1904 κύκλος,
798 1831 925 1888 καθ’
965 1834 1033 1888 οὐ
1067 1834 1291 1944 φέρεται
1322 1831 1355 1904 ἡ
1389 1833 1492 1905 τὴν
1525 1833 1855 1905 ἐπιφάνειαν

162 1923 458 1996 γράφουσα
500 1920 718 1992 εὐθεῖα,
762 1919 790 1978 ὁ
834 1927 960 1988 ΒΓ,
1007 1923 1099 1977 καὶ
1139 1924 1429 1994 τετμήσθω
1470 1925 1707 1998 ἐπιπέδῳ
1746 1923 1856 1979 τινὶ
1890 1983 1893 1987 4

72 2034 129 2074 20
159 2012 493 2088 παραλλήλῳ
527 2016 601 2087 τῷ
629 2017 738 2067 ΒΓ
762 2010 963 2086 κύκλῳ,
995 2012 1088 2067 καὶ
1119 2015 1343 2068 ποιείτω
1377 2014 1438 2068 ἐν
1467 2021 1532 2087 τῇ
1560 2015 1853 2088 ἐπιφανείᾳ
1940 2075 1942 2077 ,

159 2102 336 2175 τομὴν
384 2100 486 2174 τὴν
528 2109 645 2157 ΔΕ
686 2100 963 2173 γραμμήν.
1040 2102 1206 2172 λέγω,
1258 2099 1341 2157 ὅτι
1388 2099 1421 2172 ἡ
1463 2107 1583 2157 ΔΕ
1625 2101 1848 2174 γραμμὴ

159 2191 361 2258 κύκλος
400 2193 549 2247 ἐστὶν
590 2194 677 2247 ἐπὶ
717 2193 816 2246 τοῦ
858 2189 1057 2256 ἄξονος
1096 2194 1237 2261 ἔχων
1277 2188 1337 2246 τὸ
1379 2191 1626 2263 κέντρον.
1936 2197 1942 2210 ¹

271 2281 526 2352 εἰλήφθω
575 2279 681 2351 γὰρ
729 2279 791 2336 τὸ
840 2281 1073 2349 κέντρον
1120 2283 1221 2335 τοῦ
1268 2284 1380 2335 ΒΓ
1424 2280 1635 2336 κύκλου
1681 2278 1744 2335 τὸ
1785 2285 1848 2350 Ζ,

159 2371 251 2426 καὶ
291 2369 601 2442 ἐπεζεύχθω
643 2367 676 2439 ἡ
718 2376 771 2423 Α
783 2374 840 2423 Ζ.
919 2367 1068 2436 ἄξων
1109 2367 1218 2441 ἄρα
1259 2369 1371 2424 ἐστὶ
1417 2369 1509 2424 καὶ
1549 2366 1852 2439 συμβάλλει

72 2478 127 2518 25
160 2464 236 2536 τῷ
285 2462 542 2532 τέμνοντι
591 2459 841 2533 ἐπιπέδῳ.
928 2459 1283 2529 συμβαλλέτω
1330 2455 1467 2513 κατὰ
1513 2455 1575 2513 τὸ
1622 2464 1704 2527 Η,
1758 2457 1851 2512 καὶ

162 2549 519 2621 ἐκβεβλήσθω
571 2571 622 2603 τι
673 2546 765 2603 διὰ
813 2555 907 2618 τῆς
957 2553 1063 2602 ΑΖ
1116 2549 1392 2602 ἐπίπεδον.
1486 2550 1636 2601 ἔσται
1692 2544 1761 2616 δὴ
1816 2543 1850 2616 ἡ

161 2636 298 2710 τομὴ
335 2643 613 2710 τρίγωνον
643 2638 705 2693 τὸ
739 2640 918 2692 ΑΒΓ.
980 2636 1071 2690 καὶ
1105 2637 1221 2692 ἐπεὶ
1252 2634 1318 2690 τὰ
1351 2642 1422 2705 Δ,
1455 2637 1531 2703 Η,
1565 2641 1617 2689 Ε
1653 2645 1850 2706 σημεῖα

164 2729 225 2782 ἐν
262 2736 338 2803 τῷ
378 2728 643 2798 τέμνοντί
678 2728 826 2782 ἐστιν
867 2726 1123 2800 ἐπιπέδῳ,
1166 2729 1278 2780 ἔστι
1319 2723 1375 2779 δὲ
1413 2723 1504 2778 καὶ
1544 2725 1605 2779 ἐν
1643 2726 1718 2798 τῷ
1749 2726 1850 2779 τοῦ

281 2908 319 2947 7.
355 2900 500 2962 ἐστιν]
538 2901 634 2948 ἐστῑ
665 2922 742 2948 :-
774 2903 829 2948 V.
