1982 3178
117 1013 170 1052 10

114 1459 167 1498 15

111 1905 168 1944 20

113 2349 168 2389 25

204 70 278 122 44
867 71 1147 116 ΚΩΝΙΚΩΝ
1177 88 1208 116 α
1218 68 1245 115 ’.

204 187 421 259 ἄξονος,
446 189 538 245 καὶ
563 194 786 246 ποιείτω
810 188 988 261 τομὴν
1011 188 1074 246 τὸ
1102 198 1154 246 Α
1170 195 1272 246 ΒΓ
1287 195 1585 262 τρίγωνον,
1609 189 1899 263 τετμήσθω
1956 214 1961 250 ’,

206 277 267 334 δὲ
306 279 398 335 καὶ
438 279 602 355 ἑτέρῳ
644 280 882 355 ἐπιπέδῳ
921 280 1180 351 τέμνοντι
1218 278 1323 352 τὴν
1362 279 1532 352 βάσιν
1571 283 1672 336 τοῦ
1710 279 1900 338 κώνου
1963 276 1965 279 ’

203 365 321 422 κατ’
360 366 592 423 εὐθεῖαν
630 365 732 439 τὴν
766 374 882 423 ΔΕ
916 367 1054 440 πρὸς
1086 368 1266 441 ὀρθὰς
1297 363 1476 424 οὖσαν
1496 368 1573 442 ’τῇ
1608 374 1717 425 ΒΓ
1739 369 1901 441 βάσει
1972 372 1982 420 ’ὲ

203 460 303 513 τοῦ
330 462 501 513 ΑΒΓ
526 456 826 529 τριγώνου,
857 458 946 513 καὶ
981 463 1205 515 ποιείτω
1229 457 1407 531 τομὴν
1433 461 1493 514 ἐν
1516 463 1582 532 τῇ
1605 447 1903 534 ’ἐπιφανείᾳ

202 549 305 602 τοῦ
330 546 517 602 κώνου
540 545 643 618 τὴν
666 554 720 602 A
730 554 837 602 ZE
856 547 1136 620 γραμμήν,
1161 545 1194 619 ἡ
1223 547 1283 603 δὲ
1310 547 1603 619 διάμετρος
1618 551 1715 620 τῆς
1729 553 1902 621 τομῆς

205 633 238 707 ἡ
273 641 390 690 ΖΗ
425 637 800 711 ἐκβαλλομένη
841 639 1189 709 συμπιπτέτω
1229 641 1328 712 μιᾷ
1360 642 1571 711 πλευρᾷ
1602 641 1704 694 τοῦ
1738 643 1908 694 ΑΒΓ

202 726 483 796 τριγώνου
528 730 593 799 τῇ
634 732 748 782 ΑΓ
780 725 933 792 ε’κτὸς
972 736 1069 798 τῆς
1106 736 1208 783 τοῦ
1247 730 1435 783 κώνου
1472 731 1727 799 κορυφῆς
1763 729 1901 784 κατὰ

202 813 263 870 τὸ
307 821 377 885 Θ,
417 817 507 871 καὶ
550 815 642 871 διὰ
682 820 784 872 τοῦ
824 824 876 872 Α
914 825 980 890 τῇ
1024 817 1299 893 διαμέτρῳ
1339 820 1436 888 τῆς
1473 826 1646 890 τομῆς
1682 821 1748 891 τῇ
1789 822 1910 873 ΖΗ
1978 859 1979 863 ,

202 902 555 975 παράλληλος
604 902 763 976 ἤχθω
813 903 847 976 ἡ
889 912 1035 976 ΑΚ,
1083 905 1174 960 καὶ
1214 907 1451 977 τεμνέτω
1493 905 1595 977 τὴν
1636 911 1761 976 ΒΓ,
1808 907 1900 962 καὶ
1974 895 1978 907 “

203 990 311 1048 άπὸ
366 996 468 1048 τοῦ
517 998 562 1047 Ζ
615 997 680 1066 τῇ
729 999 848 1048 ΖΗ
893 992 1031 1065 πρὸς
1086 992 1264 1065 ὀρθὰς
1318 993 1475 1066 ἤχθω
1531 992 1566 1066 ἡ
1623 1001 1754 1066 ΖΛ,
1807 996 1899 1051 καὶ
1974 986 1982 1034 Ῐ

200 1083 544 1153 πεποιήσθω,
586 1080 660 1148 ὡς
699 1081 761 1139 τὸ
796 1081 903 1139 άπὸ
937 1089 1054 1139 ΚΑ
1085 1084 1224 1156 πρὸς
1254 1083 1316 1139 τὸ
1350 1082 1459 1140 ὑπὸ
1492 1089 1683 1155 ΒΚΓ,
1724 1084 1903 1150 οὕτως

202 1168 235 1242 ἡ
262 1177 365 1226 ΖΘ
395 1169 534 1242 πρὸς
559 1178 692 1243 ΖΛ,
723 1173 815 1227 καὶ
848 1172 1104 1245 εἰλήφθω
1136 1196 1187 1229 τι
1222 1185 1454 1245 σημεῖον
1484 1174 1571 1229 ἐπὶ
1603 1177 1700 1245 τῆς
1729 1177 1900 1246 τομῆς

199 1258 370 1332 τυχὸν
425 1259 486 1317 τὸ
544 1267 641 1332 Μ,
696 1263 787 1317 καὶ
845 1262 938 1317 διὰ
993 1266 1093 1318 τοῦ
1148 1269 1220 1318 Μ
1266 1266 1331 1336 τῇ
1381 1269 1498 1318 ΔΕ
1546 1262 1901 1334 παράλληλος
1950 1287 1955 1291 ’

200 1348 359 1420 ἤχθω
408 1348 441 1421 ἡ
489 1354 647 1420 ΜΝ,
697 1350 788 1413 διὰ
838 1351 899 1407 δὲ
944 1355 1046 1408 τοῦ
1093 1358 1157 1407 Ν
1195 1355 1260 1425 τῇ
1311 1358 1417 1407 ΖΛ
1462 1351 1816 1423 παράλληλος
1862 1350 1898 1424 ἡ

201 1444 264 1494 Ν
270 1441 394 1508 ΟΞ,
432 1440 524 1494 καὶ
566 1442 947 1512 ἐπιζευχθεῖσα
987 1439 1020 1513 ἡ
1062 1447 1169 1496 ΘΛ
1210 1441 1564 1513 ἐκβεβλήσθω
1604 1442 1692 1498 ἐπὶ
1729 1440 1792 1497 τὸ
1833 1443 1898 1511 Ξ,

202 1528 294 1583 καὶ
350 1527 443 1584 διὰ
489 1531 602 1584 τῶν
652 1536 725 1600 Λ,
772 1532 822 1593 Ξ
861 1532 927 1602 τῇ
977 1535 1095 1585 ΖΝ
1134 1531 1475 1602 παράλληλοι
1524 1528 1794 1602 ἤχθωσαν
1840 1533 1905 1586 αἰ

205 1623 337 1688 ΛΟ,
377 1619 501 1680 ΞΠ.
564 1619 721 1692 λέγω,
763 1616 846 1675 ὅτι
886 1617 920 1690 ἡ
955 1625 1087 1674 ΜΝ
1125 1618 1360 1675 δύναται
1398 1619 1460 1674 τὸ
1500 1619 1621 1690 ΖΞ,
1661 1616 1691 1675 ὃ
1723 1617 1897 1690 παρά-

201 1729 376 1762 κειται
414 1707 562 1778 παρὰ
603 1706 704 1778 τὴν
739 1713 845 1762 ΖΛ
874 1707 1076 1772 πλάτος
1109 1713 1236 1779 ἔχον
1266 1709 1368 1779 τὴν
1404 1713 1522 1762 ΖΝ
1545 1705 1898 1779 ὑπερβάλλον
1968 1717 1982 1784 ξ

203 1799 339 1851 εἴδει
377 1798 452 1871 τῷ
494 1799 599 1855 ΛΞ
634 1794 808 1872 ὁμοίω
851 1796 971 1852 ὄντι
1009 1801 1085 1873 τῷ
1125 1797 1232 1854 ὑπὸ
1273 1802 1385 1853 τῶν
1426 1803 1602 1852 ΘΖΛ.

312 1884 470 1956 ἤχθω
511 1884 616 1956 γὰρ
659 1885 750 1941 διὰ
791 1895 893 1941 τοῦ
925 1893 989 1941 Ν
1018 1891 1083 1960 τῇ
1117 1892 1226 1942 ΒΓ
1249 1886 1603 1959 παράλληλος
1632 1883 1666 1958 ἡ
1702 1893 1894 1943 ΡΝΣ·

201 1977 315 2028 ἔστι
364 1973 425 2029 δὲ
471 1975 562 2029 καὶ
610 1972 643 2045 ἡ
684 1981 824 2030 ΝΜ
860 1978 926 2048 τῇ
968 1982 1085 2031 ΛΕ
1119 1976 1482 2047 παράλληλος·
1544 1975 1606 2031 τὸ
1649 1973 1759 2046 ἄρα
1800 1975 1893 2032 διὰ

198 2073 311 2119 τῶν
346 2069 499 2133 MN,
540 2069 648 2119 ΡΣ
683 2066 944 2120 ἐπίπεδον
983 2065 1495 2137 παράλληλόν,ἐστι
1533 2069 1608 2140 τῷ
1650 2063 1744 2121 διὰ
1781 2068 1895 2121 τῶν
1975 2077 1982 2136 ‘3

200 2158 326 2222 ΒΓ,
380 2159 516 2223 ΔΕ,
569 2155 818 2210 τουτέστι
871 2157 936 2226 τῇ
992 2153 1151 2225 βάσει
1206 2163 1307 2210 τοῦ
1357 2155 1560 2211 κώνου.
1638 2153 1736 2210 ἐὰν
1783 2153 1892 2226 ἄρα

201 2244 448 2315 ἐκβληθῇ
502 2243 563 2298 τὸ
625 2244 716 2298 διὰ
768 2246 882 2298 τῶν
939 2250 1093 2314 ΜΝ,
1156 2250 1265 2298 ΡΣ
1314 2245 1601 2314 ἐπίπεδον,
1663 2241 1698 2315 ἡ
1751 2243 1894 2315 τομὴ

201 2332 401 2396 κύκλος
448 2335 624 2401 ἔσται,
681 2326 749 2387 οὗ
796 2332 1089 2404 διάμετρος
1134 2330 1168 2404 ἡ
1216 2339 1399 2388 ΡΝΣ.
1474 2333 1567 2388 καὶ
1613 2336 1764 2389 ἔστιν
1810 2330 1887 2389 ἐπ’

201 2418 377 2492 αὐτὴν
424 2420 659 2487 κάθετος
706 2419 739 2492 ἡ
782 2428 931 2477 MN·
994 2421 1055 2477 τὸ
1105 2420 1215 2494 ἄρα
1257 2419 1366 2478 ὑπὸ
1405 2425 1518 2477 τῶν
1558 2427 1732 2476 ΡΝΣ
1766 2428 1892 2477 ἴσον

201 2511 315 2565 ἐστὶ
354 2514 428 2586 τῷ
469 2507 577 2565 άπὸ
616 2513 714 2580 τῆς
744 2515 889 2565 ΜΝ.
950 2510 1042 2564 καὶ
1082 2511 1202 2566 ἐπεί
1229 2513 1396 2581 ἐστιν,
1438 2508 1509 2575 ὡς
1539 2509 1601 2565 τὸ
1635 2507 1743 2565 άπὸ
1776 2515 1895 2565 ΑΚ

200 2597 337 2669 πρὸς
374 2598 437 2655 τὸ
476 2596 586 2654 ὑπὸ
623 2604 813 2669 ΒΚΓ,
856 2596 1031 2664 οὕτως
1070 2597 1103 2671 ἡ
1138 2606 1238 2655 ΖΘ
1275 2598 1414 2671 πρὸς
1446 2604 1576 2669 ΖΛ,
1618 2596 1647 2654 ὁ
1690 2598 1752 2654 δὲ
1789 2601 1892 2654 τοῦ

319 2765 359 2805 2.
400 2762 522 2805 Ante
554 2760 771 2819 τέμνοντι
804 2760 893 2806 del.
928 2758 1007 2805 διὰ
1048 2762 1133 2806 τοῦ
1167 2758 1336 2816 ἄξονος
1366 2777 1427 2805 m.
1463 2765 1485 2804 1
1521 2760 1573 2804 V.
1698 2765 1766 2804 11.
1806 2777 1885 2805 πε-

200 2822 429 2864 ποιείσθω
448 2820 503 2874 V,
523 2835 636 2866 corr.
655 2837 698 2878 p.
776 2821 883 2879 KA]
909 2837 953 2877 p,
979 2825 1069 2865 KA
1086 2822 1142 2877 V,
1168 2836 1280 2867 corr.
1300 2836 1360 2865 m.
1380 2825 1405 2864 2
1428 2837 1466 2864 v.
1544 2823 1613 2864 15.
1632 2819 1811 2878 ΝΟΞ]
1836 2836 1886 2877 p3

202 2880 296 2927 ΟΞ
326 2894 442 2924 corr.
468 2895 523 2924 ex
546 2883 645 2929 ,ΩΞ
665 2884 771 2938 post,
795 2893 885 2924 ras.
911 2881 1047 2924 unius
1071 2881 1164 2925 litt.
1182 2880 1236 2937 V,
1270 2882 1368 2928 ῼΞ
1390 2894 1531 2936 snpra.
1554 2893 1640 2922 scr.
1658 2880 1782 2922 Nm.
1802 2883 1827 2922 2
1846 2895 1887 2924 v.
