1982 3178
185 94 258 147 06
850 95 1130 139 ΚΩΝΙΚΩΝ
1162 91 1228 140 α’.
1823 159 1829 164 .
1916 0 1982 365 Ῑ

185 219 295 268 ΘΕ
322 214 464 284 πρὸς
497 210 681 284 ὀρθὰς
713 215 774 268 αῖ
795 218 918 285 ΘΡ,
949 217 1091 283 ΕΠ,
1126 214 1219 268 διὰ
1254 212 1316 268 δὲ
1346 220 1449 269 τοῦ
1475 207 1528 268 A
1549 215 1616 286 τῇ
1640 218 1889 270 ΜΕΘΝ
1923 221 1936 232 “

184 302 541 375 παράλληλος
587 300 746 374 ἤχθω
795 299 829 373 ἡ
880 307 996 356 ΣΑ
1013 307 1077 372 T,
1127 301 1219 356 καὶ
1265 300 1619 374 πεποιήσθω,
1667 299 1742 368 ὡς
1786 303 1891 375 μὲν
1957 319 1959 322 ’

183 393 248 447 τὸ
301 390 410 447 ἀπὸ
464 394 563 463 τῆς
611 397 728 446 ΑΣ
776 391 917 464 πρὸς
948 384 1024 446 ’τὸ
1074 388 1181 446 ὑπὸ
1229 395 1420 461 ΒΣΓ,
1476 388 1653 457 οὕτως
1698 389 1734 464 ἡ
1782 398 1893 449 ΘΕ
1943 371 1961 488 ἐ

183 501 326 554 προς
357 487 497 551 ΕΠ,
539 478 614 546 ὡς
654 479 716 535 δὲ
753 481 815 536 τὸ
858 477 967 535 ἀπὸ
1007 482 1105 551 τῆς
1137 485 1256 534 ΛΤ
1286 481 1426 552 πρὸς
1459 479 1522 535 τὸ
1554 477 1665 536 ὑπὸ
1703 483 1887 552 ΟΤΞ,

56 619 72 623 -
125 592 153 631 5
187 568 364 635 οὕτως
409 567 444 641 ἡ
484 575 591 625 ΕΘ
632 567 772 642 πρὸς
810 574 922 624 ΘΡ.
994 569 1110 624 ἐπεὶ
1159 562 1266 624 οὖν
1305 573 1509 640 κῶνος,
1559 561 1628 636 οὗ
1665 571 1885 644 κορυφὴ

185 659 288 730 μὲν
336 660 397 715 τὸ
439 664 493 713 Α
537 670 793 729 σημεῖον,
842 658 1004 728 βάσις
1043 657 1105 713 δὲ
1145 655 1174 714 ὃ
1215 663 1326 714 ΒΓ
1356 657 1585 730 κύκλος,
1631 660 1887 731 τέτμηται
1936 649 1953 739 ξ

186 749 424 823 ἐπιπέδῳ
467 749 562 803 διὰ
602 750 704 803 τοῦ
744 747 960 817 ἄξονος,
1000 746 1093 802 καὶ
1124 753 1386 818 πεποίηκε
1417 748 1599 820 τομὴν
1627 746 1701 804 τὸ’
1725 752 1897 804 ΑΒΓ
1947 765 1969 815 i„

184 842 488 911 τρίγωνον,
545 837 801 908 τέτμηται
857 834 919 891 δὲ
972 836 1065 891 καὶ
1121 836 1288 911 ἑτέρῳ
1345 837 1582 912 ἐπιπέδῳ
1629 838 1888 909 τέμνοντι

185 927 291 999 τὴν
338 925 509 998 βάσιν
555 929 657 981 τοῦ
706 924 896 980 κώνου
942 923 1059 980 κατ’
1107 923 1341 980 εὐθεῖαν
1384 926 1490 996 τὴν
1530 931 1712 981 ΑΜΖ
1751 924 1890 1000 πρὸς

98 1037 154 1077 10
189 1016 371 1090 ὀρθὰς
417 1008 597 1071 οὖσαν
640 1017 706 1087 τῇ
747 1019 876 1085 ΒΓ,
922 1014 1015 1069 καὶ
1055 1018 1317 1085 πεποίηκε
1354 1015 1533 1086 τομὴν
1572 1015 1634 1071 ἐν
1672 1018 1738 1088 τῇ
1778 1017 1887 1072 ἐπι-

187 1110 394 1179 φανείᾳ
424 1103 527 1176 τὴν
562 1109 757 1173 ΔΕΖ,
798 1100 831 1174 ἡ
867 1102 928 1158 δὲ
962 1104 1256 1175 διάμετρος
1287 1101 1321 1174 ἡ
1356 1109 1479 1158 ΜΕ
1513 1105 1887 1175 ἐκβαλλομένη

186 1194 548 1265 συμπέπτωκε
587 1195 685 1265 μιᾷ
724 1195 938 1265 πλευρᾷ
977 1195 1079 1247 τοῦ
1121 1189 1215 1246 διὰ
1246 1194 1348 1247 τοῦ
1378 1190 1580 1259 ἄξονος
1611 1191 1890 1265 τριγώνου
1962 1149 1982 1242 ξ

189 1282 343 1348 ἐκτὸς
381 1286 478 1354 τῆς
517 1284 769 1354 κορυφῆς
806 1284 908 1336 τοῦ
939 1280 1147 1350 κώνου,
1186 1281 1278 1335 καὶ
1313 1282 1405 1336 διὰ
1439 1284 1542 1336 τοῦ
1570 1287 1624 1336 A
1656 1285 1890 1353 σημείου

186 1375 251 1444 τῇ
301 1372 577 1446 διαμέτρῳ
625 1374 721 1442 τῆς
765 1372 938 1441 τομῆς
983 1373 1048 1442 τῇ
1091 1375 1222 1425 ΕΜ
1260 1368 1614 1442 παράλληλος
1652 1364 1813 1442 ἦκται
1850 1367 1886 1442 ἡ
1955 1374 1959 1375 ’

101 1482 154 1522 15
188 1467 328 1530 ΑΣ,
382 1461 475 1515 καὶ
531 1458 637 1515 ἀπὸ
676 1462 797 1515 ,τοῦ
846 1465 899 1514 Ε
946 1461 1013 1531 τῇ
1061 1464 1192 1514 ΕΜ
1231 1459 1371 1531 πρὸς
1420 1457 1600 1532 ὀρθὰς
1644 1452 1803 1530 ἦκται
1850 1456 1886 1531 ἡ

187 1556 328 1619 ΕΠ,
374 1553 475 1604 καί
519 1545 671 1603 ἐστιν
719 1544 794 1613 ὡς
838 1547 901 1602 τὸ
951 1545 1060 1602 ἀπὸ
1102 1552 1221 1601 ΑΣ
1262 1544 1400 1618 πρὸς
1445 1544 1507 1601 τὸ
1537 1543 1655 1602 ’ὑπὸ
1696 1551 1888 1619 ΒΣΓ,

188 1637 365 1703 οὕτως
403 1635 437 1709 ἡ
479 1643 585 1693 ΕΘ
622 1634 762 1709 πρὸς
799 1642 939 1706 ΕΠ,
979 1634 1014 1706 ἡ
1055 1635 1158 1707 μὲν
1191 1641 1358 1690 ΔΕΖ
1397 1633 1508 1707 ἄρα
1545 1633 1685 1706 τομὴ
1724 1633 1890 1708 ὑπερ·
1961 1703 1964 1707 ⁴

187 1725 328 1798 βολή
378 1727 556 1797 ἐστιν,
606 1724 640 1796 ἡ
691 1725 754 1780 δὲ
792 1731 913 1780 ΕΠ
954 1721 1084 1796 παρ’
1136 1721 1208 1794 ἢν
1249 1723 1522 1779 δύνανται
1562 1726 1624 1779 αἰ
1659 1724 1747 1780 ἐπὶ
1785 1723 1889 1796 τὴν
1957 1625 1982 1800 ᾖ

189 1822 320 1871 ΕΜ
358 1814 730 1886 καταγόμεναι
778 1814 1145 1884 τεταγμένως,
1194 1818 1398 1882 πλαγία
1447 1812 1509 1868 δὲ
1555 1815 1656 1868 τοῦ
1703 1816 1892 1878 εἴδους
1971 1804 1982 1889 {J

98 1926 156 1966 20
188 1902 397 1975 πλευρὰ
458 1901 491 1974 ἡ
549 1909 667 1958 ΘΕ.
763 1899 968 1974 ὁμοίως
1023 1900 1084 1957 δὲ
1138 1902 1231 1956 καὶ
1284 1899 1318 1972 ἡ
1378 1906 1558 1956 ΗΘΚ
1607 1899 1889 1974 ὑπερβολή

190 1995 365 2062 ἐστιν,
419 1983 486 2063 ἧς
537 1991 832 2064 διάμετρος
878 1991 979 2062 μὲν
1028 1989 1061 2062 ἡ
1110 1995 1248 2060 ΘΝ,
1305 1987 1338 2060 ἡ
1388 1989 1450 2045 δὲ
1497 1995 1603 2045 ΘΡ
1640 1987 1770 2062 παρ’
1814 1987 1889 2062 ἣν
1969 2002 1982 2041 ῖ

191 2083 465 2137 δύνανται
529 2084 591 2136 αἱ
641 2080 728 2136 ἐπὶ
782 2078 885 2151 τὴν
940 2085 1060 2134 ΘΝ
1106 2078 1479 2149 καταγόμεναι
1532 2079 1890 2151 τεταγμένως,

189 2175 396 2242 πλαγία
437 2169 498 2225 δὲ
537 2172 638 2225 τοῦ
679 2172 866 2234 εἴδους
903 2166 1112 2240 πλευρὰ
1152 2165 1185 2239 ἡ
1227 2174 1344 2223 ΘΕ.

302 2261 465 2330 λέγω,
499 2257 584 2314 ὅτι
618 2266 708 2328 ἴση
743 2258 894 2313 ἐστὶν
927 2255 959 2328 ἡ
986 2264 1091 2313 ΘΡ
1114 2260 1181 2329 τῇ
1206 2263 1334 2312 ΕΠ.
1398 2256 1510 2312 ἐπεὶ
1544 2255 1652 2329 γὰρ
1683 2254 1888 2329 παράλ-
1970 2246 1982 2282 ν·

99 2370 159 2410 25
192 2349 360 2420 ληλός
400 2350 549 2404 ἐστιν
589 2344 623 2418 ἡ
664 2352 775 2401 ΒΓ
805 2355 869 2418 τῇ
900 2349 1029 2415 ΞΟ,
1072 2350 1221 2401 ἔστιν
1262 2343 1335 2411 ὡς
1373 2343 1407 2417 ἡ
1442 2351 1562 2400 ΑΣ
1595 2343 1733 2416 πρὸς
1763 2347 1890 2413 ΣΓ,

190 2438 368 2502 οὕτως
399 2434 432 2508 ἡ
469 2442 584 2491 AT
607 2435 747 2505 πρὸς
785 2437 905 2505 ΤΞ,
938 2435 1028 2490 καὶ
1063 2432 1136 2500 ὡς
1168 2433 1201 2505 ἡ
1236 2441 1354 2490 ΑΣ
1381 2433 1520 2505 πρὸς
1543 2439 1680 2503 ΣΒ,
1713 2430 1890 2498 οὕτως

189 2525 222 2597 ἡ
274 2532 390 2581 ΛΤ
435 2524 576 2598 πρὸς
630 2530 748 2580 ΤΟ.
835 2521 948 2578 ἀλλ’
1003 2521 1031 2579 ὁ
1080 2527 1177 2594 τῆς
1223 2529 1342 2579 ΑΣ
1383 2521 1524 2591 πρὸς
1569 2527 1684 2577 ΣΓ
1722 2520 1891 2592 λόγος

190 2614 323 2686 μετὰ
363 2618 464 2670 τοῦ
503 2617 600 2684 τῆς
630 2620 750 2669 ΑΣ
782 2611 920 2683 πρὸς
954 2618 1061 2667 ΣΒ
1105 2610 1133 2667 ὁ
1175 2615 1277 2667 τοῦ
1317 2609 1425 2666 ἀπὸ
1458 2616 1576 2665 ΛΣ
1605 2611 1719 2680 ἐστι
1748 2608 1890 2681 πρὸς

190 2702 252 2758 τὸ
301 2702 409 2758 ὑπὸ
451 2707 641 2772 ΒΣΓ,
691 2699 718 2757 ὁ
771 2701 832 2757 δὲ
874 2703 970 2771 τῆς
1011 2707 1128 2755 AT
1158 2701 1298 2773 πρὸς
1344 2702 1444 2763 ΤΞ
1478 2699 1612 2771 μετὰ
1651 2702 1754 2755 τοῦ
1791 2702 1890 2769 τῆς

313 2840 352 2880 2.
379 2837 671 2879 πεποιείσθω
689 2834 751 2888 V3
778 2848 891 2878 corr.
910 2849 954 2890 p.
1050 2839 1090 2877 3.
1119 2834 1282 2892 ΒΣΓ]
1309 2835 1451 2877 ΒΓΣ
1473 2834 1534 2885 V3
1561 2845 1674 2876 corr.
1693 2830 1888 2875 Memus.

256 2900 325 2939 16.
359 2895 446 2938 καί
472 2921 530 2926 -
567 2899 636 2938 17.
674 2894 797 2951 ΕΠ]
828 2893 901 2937 bis
934 2892 1145 2948 V3‘corr.
1180 2908 1258 2950 ep.
1385 2896 1453 2935 16.
1487 2891 1652 2949 ΒΣΓ]
1686 2889 1890 2935 ΒΓΣἾ
