1982 3178
169 93 242 147 60
830 94 1109 140 ΚΩΝῙΚΩΝ
1141 93 1209 140 α’.

167 219 279 268 ΔΖ
309 212 666 286 παράλληλος
696 211 856 284 ἤχθω
889 211 923 285 ἡ
958 218 1091 284 ΘΛ,
1125 217 1219 269 δια
1254 212 1316 269 δὲ
1346 215 1462 269 τῶν
1493 218 1558 284 Ζ,
1582 218 1634 269 Λ
1663 216 1732 287 τῇ
1755 219 1872 270 ΘΔ

167 301 514 375 παράλληλοι
552 303 825 374 ἤχθωσαν
866 304 927 357 αἱ
963 307 1095 374 ΖΚ,
1129 308 1268 358 ΛΜ.
1354 301 1514 373 λέγω,
1555 299 1642 358 ὅτι
1679 300 1708 358 ‚5
1753 308 1875 359 ΗΘ
1958 355 1962 358 .

169 390 403 447 δύναται
427 390 490 447 τὸ
513 397 567 445 Δ
580 396 652 462 A,
679 388 709 447 ὃ
734 391 1059 465 παράκειται
1083 390 1233 463 παρὰ
1255 392 1360 462 τὴν
1378 397 1489 447 ΔΖ
1513 390 1719 458 πλάτος
1736 396 1867 465 ἔχον

165 480 271 562 τὴν
295 487 351 535 A
360 485 407 535 Θ
432 482 687 536 ἐλλεῖπον
711 483 849 536 εἴδει
871 482 946 556 τῷ
972 485 1079 535 ΛΖ
1104 477 1280 555 ὁμοίω
1307 479 1429 536 ὄντι
1453 483 1527 556 τῷ
1551 478 1661 536 ὑπὸ
1683 486 1795 536 ΕΔ
1806 487 1875 539 Ζ..
1951 514 1953 519 ·

107 590 133 627 5
279 573 416 624 ἔστω
464 570 573 641 γὰρ
623 567 754 639 παρ’
791 565 863 641 ἢν
912 569 1186 625 δύνανται
1226 572 1289 624 αἱ
1323 569 1411 625 ἐπὶ
1449 571 1554 641 τὴν
1594 575 1703 625 AB
1741 591 1866 627 κατ-

167 656 440 729 αγόμεναι
472 659 817 730 τεταγμένως
848 656 882 730 ἡ
908 664 1047 729 AN,
1078 658 1171 714 καὶ
1204 657 1515 731 ἐπεζεύχθω
1543 658 1575 714 ’ἱ
1603 664 1742 729 ΒΝ,
1773 658 1867 714 καὶ
1944 651 1949 660 ’

167 747 260 801 διὰ
302 746 405 818 μὲν
443 750 543 803 τοῦ
583 753 648 802 Η
678 750 744 821 τῇ
779 754 895 802 ΔΕ
930 747 1285 820 παράλληλος
1322 746 1483 820 ἤχθω
1524 745 1558 820 ἡ
1591 750 1727 819 ΗΞ,
1769 751 1863 804 δια

167 834 229 891 δὲ
259 839 373 892 τῶν
405 837 468 906 Ξ,
493 841 546 891 Γ
568 839 634 909 τῇ
668 845 720 892 Α
730 842 794 891 Ν
817 836 1165 910 παράλληλοι
1196 835 1466 909 ἤχθωσαν
1498 839 1561 892 αἱ
1587 839 1638 900 Ξ
1645 842 1709 908 Ο,
1734 842 1866 908 ΓΠ,
1962 860 1967 868 ·

167 926 260 980 διὰ
303 924 365 981 δὲ
402 928 516 981 τῶν
555 932 629 997 Ν,
666 931 730 996 Ο,
764 933 826 982 Π
858 930 924 999 τῇ
966 933 1075 982 ΑΒ
1114 926 1461 999 παράλληλοι
1499 924 1771 998 ἤχθωσαν
1808 929 1883 982 αἶ’
1960 954 1962 957 ·

78 1035 132 1074 10
165 1020 305 1085 NY,
334 1020 467 1086 ΟΣ,
499 1020 629 1070 ΤΠ·
694 1022 820 1072 ἴσον
853 1014 962 1088 ἄρα
995 1015 1110 1071 ἐστὶ
1141 1016 1203 1071 τὸ
1238 1015 1340 1087 μὲν
1372 1013 1482 1071 ἀπὸ
1517 1019 1615 1087 τῆς
1647 1020 1764 1071 ΔΓ
1787 1018 1864 1092 τῷ

170 1110 304 1171 ΑΠ,
337 1105 398 1159 τὸ
434 1103 495 1160 δὲ
527 1102 636 1160 ἀπὸ
670 1108 767 1175 τῆς
799 1106 914 1168 ΗΞ
940 1107 1016 1180 τῷ
1051 1110 1177 1160 AO.
1247 1105 1340 1160 καὶ
1373 1106 1494 1160 ἐπεί
1520 1106 1689 1176 ἐστιν,
1722 1101 1798 1170 ὡς
1827 1102 1863 1176 ἡ

164 1197 210 1246 Β
224 1199 276 1247 Α
293 1193 432 1263 πρὸς·
449 1198 585 1262 ΑΝ,
612 1191 838 1265 οὕτωςὴ
858 1195 1117 1265 ΒΓπρὸς
1134 1198 1263 1263 ΓΠ,
1280 1194 1374 1248 καὶ
1390 1191 1424 1265 ἡ
1442 1199 1713 1264 ΠΤπρος
1738 1199 1864 1264 ΤΝ,

164 1287 256 1352 ἴση
283 1280 345 1336 δὲ
366 1278 403 1352 ἡ
429 1287 475 1336 Β
486 1285 620 1355 Γτῇ
647 1287 778 1354 ΓΑ,
803 1283 1054 1338 τουτέστι
1078 1286 1143 1355 τῇ
1176 1288 1309 1354 ΤΠ,
1334 1282 1427 1337 καὶ
1451 1279 1484 1353 ἡ
1512 1286 1631 1337 ΓΠ
1647 1291 1713 1356 τῇ
1746 1288 1874 1356 TA,

165 1375 292 1425 ἴσον
331 1369 440 1442 ἄρα
480 1370 596 1426 ἐστὶ
634 1372 696 1427 τὸ
739 1371 840 1443 μὲν
872 1378 998 1427 ΛΠ
1022 1374 1098 1445 τῷ
1138 1377 1255 1441 ΤΡ,
1295 1372 1357 1427 τὸ
1401 1370 1463 1426 δὲ
1494 1372 1605 1434 ΞΤ
1634 1379 1712 1447 τῷ
1751 1377 1865 1427 TY.
1960 1420 1963 1422 ,

75 1479 129 1521 15
161 1458 254 1514 καὶ
294 1458 410 1514 ἐπεὶ
448 1459 510 1514 τὸ
548 1463 660 1514 OT
691 1463 767 1534 τῷ
803 1465 906 1515 ΟΡ
933 1462 1084 1516 ἐστιν
1116 1467 1262 1530 ἴσον,
1301 1458 1496 1516 κοινὸν
1530 1460 1592 1515 δὲ
1622 1460 1684 1516 τὸ
1720 1465 1860 1532 ΝΟ,

160 1545 224 1604 τὸ
255 1553 362 1602 ΤΤ
380 1546 488 1619 ἄρα
514 1555 638 1604 ἴσον
665 1549 779 1604 ἐστὶ
803 1551 878 1623 τῷ
904 1554 1036 1605 ΝΣ.
1099 1547 1240 1604 ἀλλὰ
1266 1550 1327 1604 τὸ
1363 1555 1467 1604 ΤΥ
1484 1557 1561 1625 τῷ
1592 1550 1695 1611 ΤΞ
1714 1550 1874 1604 ἐστιν·

163 1643 307 1707 ἴσον,
339 1637 537 1692 κοινὸν
571 1637 633 1693 δὲ
663 1639 726 1694 τὸ
762 1644 888 1693 ΤΣ·
952 1639 1090 1694 ὅλον
1122 1637 1232 1711 ἄρα
1255 1639 1318 1693 τὸ
1346 1644 1493 1708 ΝΠ,
1524 1638 1775 1693 τουτέστι
1798 1636 1862 1692 τὸ

163 1733 226 1782 Π
230 1734 282 1781 Α
291 1769 307 1798 ,
340 1734 468 1784 ἴσον
502 1728 616 1783 ἐστὶ
640 1730 716 1803 τῷ
740 1732 853 1782 ΑΟ
875 1729 1009 1798 μετὰ
1037 1731 1138 1783 τοῦ
1165 1733 1302 1782 ΠΟ·
1366 1724 1507 1799 ὥστε
1530 1727 1592 1782 τὸ
1619 1732 1740 1781 ΠΛ
1765 1727 1866 1781 τοῦ

162 1821 274 1870 AO
304 1814 556 1890 ὑπερέχει
587 1819 663 1892 τῷ
694 1821 821 1871 ΟΠ.
884 1820 981 1871 καί
1001 1814 1116 1871 ἐστι
1140 1838 1202 1872 το
1231 1816 1332 1886 μὲν
1358 1822 1481 1870 ΛΠ
1501 1823 1626 1870 ἴσον
1650 1817 1726 1890 τῷ
1750 1812 1860 1870 ἄπο

75 1924 131 1965 20
162 1907 260 1975 τῆς
284 1909 415 1976 ΓΔ,
441 1907 502 1961 τὸ
533 1905 594 1960 δὲ
619 1911 730 1959 AO
754 1911 881 1960 ἴσον
905 1908 981 1980 τῷ
1008 1902 1115 1960 ἀπὸ
1144 1907 1240 1975 τῆς
1263 1906 1392 1974 ΞΗ,
1417 1905 1480 1959 τὸ
1509 1903 1571 1959 δὲ
1597 1909 1717 1959 ΟΠ
1735 1909 1862 1959 ἴσον

161 2002 237 2068 τῷ
276 1993 386 2049 ὑπὸ
425 2000 617 2048 ΟΣΠ·
686 1995 748 2049 τὸ
791 1992 899 2066 ἄρα
932 1992 1040 2049 ἀπὸ
1080 1997 1177 2063 τῆς
1209 1998 1319 2048 ΓΔ
1350 1996 1451 2048 τοῦ
1483 1991 1591 2047 ἀπο
1624 1995 1722 2062 τῆς
1750 1993 1868 2055 ΗΞ

163 2079 412 2153 ὑπερέχει
451 2086 526 2157 τῷ
567 2080 676 2138 ὑπὸ
711 2085 824 2138 τῶν
860 2088 1050 2138 ΟΣΠ.
1117 2082 1208 2136 καὶ
1243 2082 1359 2137 ἐπεὶ
1391 2079 1425 2152 ἡ
1462 2087 1577 2135 ΔΕ
1604 2081 1861 2151 τέτμηται

163 2174 240 2235 εἰς
271 2169 372 2242 μὲν
407 2178 500 2226 ἴσα
531 2172 668 2225 κατὰ
701 2171 763 2226 τὸ
800 2176 861 2241 Γ,
896 2174 975 2235 εἰς
1007 2170 1068 2226 δὲ
1101 2169 1267 2226 ἄνισα
1298 2169 1437 2225 κατὰ
1469 2170 1531 2225 τὸ
1557 2175 1622 2239 Θ,
1653 2169 1716 2224 τὸ
1751 2167 1861 2242 ἄρα

161 2256 270 2314 ὑπὸ
318 2262 431 2315 τῶν
472 2266 642 2315 ΕΘΛ
687 2260 821 2330 μετὰ
868 2263 970 2314 τοῦ
1019 2257 1124 2314 ἀπὸ
1167 2262 1263 2330 τῆς
1303 2263 1429 2329 ΓΘ,
1476 2257 1724 2313 τουτέστι
1763 2259 1865 2327 τῆς

73 2368 129 2408 25
162 2350 290 2419 ΞΗ,
332 2356 457 2404 ἴσον
499 2348 611 2404 ἐστὶ
651 2351 725 2422 τῷ
762 2346 869 2404 ἀπὸ
913 2351 1009 2418 τῆς
1040 2353 1165 2402 ΓΛ.
1233 2348 1295 2403 τὸ
1339 2345 1448 2419 ἄρα
1481 2344 1588 2402 ἀπὸ
1620 2349 1718 2416 τῆς
1750 2349 1867 2400 ΓΔ

160 2445 261 2492 τοῦ
295 2434 402 2492 ἀπὸ
435 2440 533 2507 τῆς
557 2438 677 2499 ΞΗ
700 2435 952 2509 ὑπερέχει
985 2439 1057 2510 τῷ
1085 2433 1191 2491 ὑπὸ
1217 2441 1546 2491 τῶνΕΘΔ·
1607 2432 1860 2507 ὑπερεῖχε

163 2524 224 2579 δὲ
276 2526 338 2580 τὸ
396 2523 504 2581 ἀπὸ
555 2529 651 2596 τῆς
697 2530 807 2579 ΓΛ
859 2528 961 2579 τοῦ
1009 2522 1118 2579 ἀπὸ
1165 2528 1261 2594 τῆς
1306 2524 1424 2586 ΗΞ
1463 2532 1538 2599 τῷ
1567 2519 1697 2578 ’ὑπὸ
1746 2525 1863 2578 τῶν

165 2619 359 2668 ΟΣΠ·
403 2614 491 2669 ’τὸ
533 2612 641 2685 ἄρα
679 2611 790 2669 ὑπὸ
831 2617 945 2668 τῶν
979 2619 1147 2667 ΕΘΛ
1188 2620 1314 2667 ἴσον
1349 2612 1462 2667 ἐστὶ
1493 2619 1569 2687 τῷ
1601 2608 1711 2665 ὑπὸ
1744 2613 1861 2666 τῶν·

164 2707 352 2757 ΟΣΠ.
419 2703 514 2757 καὶ
554 2704 677 2758 ἐπεί
711 2704 876 2773 ἐστιν,
916 2699 990 2766 ὡς
1030 2699 1063 2772 ἡ
1106 2707 1224 2755 ΔΕ
1258 2699 1397 2771 πρὸς
1436 2705 1566 2766 AB,
1608 2697 1784 2764 οὕτως
1822 2695 1859 2768 ἡ

284 2840 322 2879 1.
358 2835 472 2893 ΘΔ]
514 2836 603 2879 ΘΛ
633 2834 700 2889 V3
749 2848 863 2878 corr.
897 2849 941 2890 p.
1097 2838 1165 2880 10.
1207 2832 1333 2891 ΝΥ]
1369 2834 1514 2876 NYP
1550 2831 1718 2888 Halley
1750 2845 1856 2875 cum

163 2893 458 2949 Command.,
515 2897 613 2938 NP
654 2908 699 2950 p.
848 2897 916 2937 12.
965 2890 1044 2936 διὰ
1084 2888 1136 2936 τὸ
1179 2890 1226 2936 δ’
1262 2891 1388 2949 [τοῦ]
1420 2888 1468 2938 ς’
1509 2906 1602 2948 mg.
1632 2905 1693 2935 m.
1735 2894 1758 2933 1
1800 2890 1841 2934 V
