1982 3178
210 93 283 148 30
872 93 1151 139 ΚῼΝΙΚῼΝ
1181 110 1212 138 α
1222 89 1248 141 ’.

208 212 328 270 κατ’
366 211 597 270 εὐθεῖαν
637 211 777 286 πρὸς
818 210 997 286 ὀρθὰς
1036 206 1215 270 οὖσαν
1246 215 1312 287 τῇ
1343 211 1506 284 βάσει
1535 215 1638 270 τοῦ
1671 211 1765 269 διὰ
1794 223 1897 271 τοῦ

210 301 408 370 ἄξονος
445 299 745 373 τριγώνου,
786 299 821 374 ἡ
862 301 925 358 δὲ
964 301 1258 375 διάμετρος
1287 304 1385 374 τῆς
1413 303 1711 374 γινομένης
1741 303 1803 359 ἐν
1833 305 1900 376 τῇ

211 394 507 466 ἐπιφανείᾳ
545 395 720 463 τομῆς
757 389 880 462 ῆτοι
918 389 1068 462 παρὰ
1108 396 1242 463 μίαν
1277 385 1313 465 ᾖ
1343 394 1456 447 τῶν
1487 394 1597 457 τοῦ,
1619 390 1901 462 τριγώνου

207 484 466 552 πλευρῶν
521 477 555 552 ἢ
613 485 892 554 συμπίπτῃ
948 478 1087 554 αὐτῇ
1144 479 1300 546 ἐκτὸς
1348 482 1445 551 τῆς
1494 490 1748 553 κορυφῆς
1797 484 1901 539 τοῦ

149 588 175 628 5
207 571 414 641 κώνου,
452 569 929 642 προσεκβάλληται
970 571 1032 625 δὲ
1071 569 1108 641 ῆ
1148 592 1205 625 τε
1243 578 1344 626 τοῦ
1382 568 1570 626 κώνου
1601 570 1896 642 ἐπιφάνεια
1970 563 1972 566 ’

206 662 298 717 καὶ
336 660 400 717 τὸ
439 661 646 732 τέμνον
686 662 946 717 ἐπίπεδον
987 663 1066 725 εἰς
1105 658 1367 732 ἄπειρον,
1411 659 1505 715 καὶ
1550 656 1585 730 ἡ
1632 659 1771 733 τομὴ
1806 652 1898 728 ἐἰς

208 750 441 822 ἄπειρον
474 748 870 821 αὐξηθήσεται,
901 750 994 805 καὶ
1027 747 1134 805 ἀπὸ
1161 753 1258 821 τῆς
1283 751 1583 821 διαμέτρου
1605 751 1702 821 τῆς
1727 753 1899 822 τομῆς
1980 795 1982 798 .

205 839 346 913 πρὸς
391 843 457 913 τῇ
503 842 726 913 κορυφῇ
773 838 920 913 πάσῃ
967 843 1033 913 τῇ
1083 843 1318 913 δοθείσῃ
1358 838 1556 914 εὐθείᾳ
1597 846 1726 912 ἴσην
1765 836 1900 895 ἀπο-
1970 915 1971 918 ¹

205 931 445 1002 λήψεταί
477 951 560 995 τις
599 929 795 1005 εὐθεῖα
827 927 1072 1001 ἀγομένη
1106 927 1214 985 ἀπὸ
1246 931 1344 1000 τῆς
1373 932 1476 985 τοῦ
1507 928 1697 986 κώνου
1726 932 1899 1001 τομῆς
1948 942 1982 1012 ‚J

115 1036 172 1077 10
205 1018 354 1092 παρὰ
393 1018 498 1090 τὴν
541 1021 600 1075 ἐν
639 1022 705 1092 τῇ
746 1017 905 1089 βάσει
942 1022 1044 1074 τοῦ
1086 1018 1276 1075 κώνου
1314 1016 1561 1075 εὐθεῖαν.

318 1113 456 1164 ἔστω
494 1111 693 1179 κῶνος,
735 1101 803 1164 οὗ
840 1107 1062 1180 κορυφὴ
1103 1107 1206 1180 μὲν
1244 1106 1307 1164 τὸ
1347 1115 1401 1163 Α
1440 1118 1697 1180 σημεῖον,
1736 1106 1898 1179 βάσις
1952 1102 1953 1108 ’

206 1197 269 1254 δὲ
294 1195 323 1254 ὁ
349 1203 459 1253 ΒΓ
484 1197 704 1269 κύκλος,
736 1198 828 1253 καὶ
852 1197 1144 1269 τετμήσθω
1173 1198 1411 1273 ἐπιπέδῳ
1438 1195 1532 1253 διὰ
1555 1199 1656 1254 τοῦ
1680 1195 1897 1266 ἄξονος,

203 1287 297 1342 καὶ
335 1291 561 1343 ποιείτω
610 1286 788 1359 τομὴν
833 1286 897 1343 τὸ
937 1292 1111 1342 ΑΒΓ
1150 1293 1449 1361 τρίγωνον·
1502 1285 1794 1360 τετμήσθω
1835 1284 1898 1342 δὲ
1950 1299 1951 1302 ’

203 1377 297 1432 καὶ
355 1377 520 1452 ἑτέρῳ
578 1378 817 1452 ἐπιπέδῳ
879 1377 1138 1449 τέμνοντι
1193 1375 1294 1432 τὸν
1349 1381 1460 1431 ΒΓ
1511 1375 1721 1432 κύκλον
1773 1372 1952 1434 κατ’,·

118 1483 172 1523 15
206 1463 439 1522 εὐθεῖαν
462 1464 568 1537 τὴν
593 1472 713 1521 ΔΕ
740 1465 880 1537 πρὸς
905 1464 1086 1538 ὀρθὰς
1112 1459 1290 1522 οὖσαν
1314 1469 1380 1539 τῇ
1405 1470 1524 1536 ΒΓ,
1556 1465 1649 1520 καὶ
1673 1468 1896 1521 ποιείτω

202 1554 384 1627 τομὴν
425 1557 486 1612 ἐν
516 1559 583 1628 τῇ
619 1557 915 1629 ἐπιφανείᾳ
944 1554 1049 1626 τὴν
1084 1563 1139 1611 Δ
1152 1562 1256 1612 ΖΕ
1291 1553 1577 1628 γραμμήν·
1618 1551 1652 1626 ἡ
1687 1553 1751 1610 δὲ
1781 1552 1900 1609 διά-

204 1665 401 1716 μετρος
438 1648 535 1716 τῆς
569 1652 623 1700 Δ
634 1651 742 1700 ΖΕ
775 1647 946 1716 τομῆς
984 1643 1018 1716 ἡ
1053 1651 1173 1700 ΖΗ
1204 1644 1328 1716 ῆτοι
1367 1643 1721 1717 παράλληλος
1759 1646 1896 1699 ἔστω

203 1736 269 1806 τῇ
311 1731 425 1789 ΑΓ
458 1730 492 1804 ἢ
534 1735 908 1805 ἐκβαλλομένη
950 1735 1299 1806 συμπιπτέτω
1341 1731 1480 1806 αὐτῇ
1520 1731 1676 1798 ἐκτὸς
1711 1735 1815 1788 τοῦ
1846 1739 1927 1788 A·

205 1827 454 1894 σημείου.
517 1823 677 1894 λέγω,
711 1821 797 1878 ὅτι
828 1827 939 1893 καί,
971 1822 1069 1878 ἐὰν
1103 1821 1137 1894 ῆ
1168 1844 1227 1878 τε
1258 1825 1360 1878 τοῦ
1390 1822 1579 1878 κώνου
1604 1819 1899 1893 ἐπιφάνεια

116 1929 178 1968 20
211 1911 304 1967 καὶ
342 1910 404 1966 τὸ
443 1912 648 1982 τέμνον
687 1914 951 1967 ἐπίπεδον
984 1911 1310 1982 ἐκβάλληται
1344 1915 1421 1977 εἰς
1451 1908 1702 1983 ἄπειρον,
1740 1909 1833 1966 καὶ
1863 1907 1897 1980 ἡ

209 2006 380 2055 ΑΖΕ
414 1999 554 2071 τομὴ
596 2004 674 2066 εἰς
711 1999 944 2072 ἄπειρον
985 1999 1378 2072 αὐξηθήσεται.

321 2088 676 2160 ἐκβεβλήσθω
716 2089 825 2162 γὰρ
865 2087 900 2161 ἥ
938 2112 997 2145 τε
1026 2093 1128 2146 τοῦ
1159 2089 1348 2146 κώνου
1379 2088 1675 2161 ἐπιφάνεια
1705 2088 1798 2143 καὶ
1831 2109 1893 2144 το
1940 2146 1941 2149 ,

204 2179 410 2250 τέμνον
444 2179 727 2234 ἐπίπεδον·
768 2178 1018 2251 φανερὸν
1053 2180 1139 2250 δή,
1173 2178 1258 2235 ὅτι
1281 2180 1373 2234 καὶ
1398 2181 1459 2234 αἰ
1480 2186 1532 2234 Α
1542 2184 1608 2250 Β,
1634 2182 1759 2247 ΛΓ,
1785 2182 1897 2232 ΖΗ
1960 2190 1967 2238 ’ζ

207 2266 802 2338 συνεκβληθήσονται.“
841 2268 957 2323 ἐπεὶ
995 2265 1028 2339 ἡ
1065 2274 1185 2323 ΖΗ
1215 2272 1280 2341 τῇ
1313 2275 1365 2323 Α
1374 2272 1428 2323 Γ
1457 2265 1581 2342 ἤτοι
1620 2268 1896 2338 παράλλη-

118 2375 175 2415 25
208 2355 305 2422 λός
345 2358 494 2412 ἐστιν
534 2352 570 2427 ἢ
610 2357 984 2428 ἐκβαλλομένη
1026 2362 1320 2428 συμπίπτει
1359 2354 1498 2429 αὐτῇ
1533 2354 1690 2421 ἐκτὸς
1718 2358 1821 2411 τοῦ
1844 2362 1898 2411 Λ
1968 2362 1982 2417 '‘j2

208 2450 460 2517 σημείου,
493 2447 555 2500 αἱ
576 2451 705 2515 ΖΗ,
731 2452 784 2500 Α
793 2450 846 2500 Γ
870 2444 978 2518 ἄρα
1011 2445 1411 2517 ἐκβαλλόμεναι
1444 2442 1518 2510 ὥς
1549 2444 1635 2499 ἐπὶ
1659 2443 1725 2499 τὰ
1751 2447 1815 2515 Γ,
1840 2449 1902 2499 Η
1967 2431 1978 2484 s

209 2534 346 2605 μέρη
381 2531 646 2590 οὐδέποτε
671 2538 1099 2606 συμπεσοῦνται.
1157 2533 1624 2605 ἐκβεβλήσθωσαν
1650 2526 1773 2603 οὖν,
1803 2532 1896 2588 καὶ

210 2623 464 2694 εἰλήφθω
505 2645 557 2678 τι
597 2635 827 2695 σημεῖον
868 2623 955 2678 ἐπὶ
992 2626 1089 2695 τῆς
1123 2629 1241 2678 ΖΗ
1271 2621 1441 2695 τυχὸν
1479 2621 1540 2677 τὸ
1577 2627 1640 2692 Θ,
1680 2621 1772 2676 καὶ
1801 2619 1893 2676 διὰ

328 2791 369 2830 4.
405 2786 662 2845 συμπίπτῃ]
688 2802 740 2844 p3
773 2787 1024 2842 συμπίπτει
1048 2786 1103 2830 V.
1196 2790 1236 2830 5.
1262 2799 1434 2842 προσεκ
1467 2781 1679 2843 άλληται]
1705 2782 1888 2840 scripsi3

209 2846 585 2950 ἴροσεκβᾳῖλῆται
617 2847 671 2891 V.
774 2850 844 2891 20.
878 2841 1131 2905 ἐκβαλῆται
1162 2845 1218 2901 V,
1252 2858 1366 2890 corr.
1445 2843 1579 2899 alley.
1687 2846 1757 2887 28.
1789 2842 1903 2901 τῆς]

243 2920 295 2963 P3
329 2921 382 2963 τῃ
462 2939 471 2949 ·
