2028 3146
627 124 981 167 comconUM
1010 125 1192 165 LIBER
1221 126 1280 168 11.
1690 122 1794 176 287

115 246 253 310 ΑΔ;
291 242 473 311 itaque
505 246 560 294 A
598 243 782 295 datum
820 246 902 295 est
937 243 1066 308 [(1313.
1098 244 1184 312 28,
1218 243 1329 312 25],
1369 243 1572 311 eritque
1607 243 1670 312 [1,
1702 245 1795 309 36]

113 332 224 384 ΓΔ
256 348 266 383 :
301 334 419 383 AB
452 356 522 373 =
555 333 720 383 PH:
752 334 884 384 ΗΒ.
995 334 1048 383 313
1108 332 1248 385 ratio
1302 333 1413 383 ΓΛ
1446 350 1459 383 :
1491 334 1606 383 ΔΒ
1668 332 1794 384 data

115 422 196 472 est
249 419 378 485 [dat.
428 421 504 488 1];
559 419 742 488 itaque
795 421 958 472 etiam
1004 419 1145 472 ratio
1193 422 1313 472 ΓΗ
1329 423 1478 472 :HB
1534 420 1661 472 data
1700 425 1796 473 est.

113 526 275 577 quare
321 510 387 559 H
433 507 620 560 datum
675 511 772 560 est.
879 526 1067 560 uerum
1122 508 1284 560 etiam
1342 513 1395 560 A
1459 509 1644 561 datum
1698 512 1795 563 est.

114 614 240 667 ergo
280 596 549 665 positione
588 596 714 648 data
754 598 839 649 est
878 599 1005 648 ΑΗ
1039 596 1168 662 [dat.
1207 597 1318 662 26].

221 687 571 753 componetur
631 685 733 738 hoc
792 685 981 738 modo:
1052 685 1276 737 ducatur
1333 685 1792 754 perpendicularis

112 776 252 837 AA,
308 772 480 842 sitque
521 775 667 825 PH:
693 776 803 824 ΗΒ
830 798 899 815 =
927 775 1036 825 ΓΔ
1062 792 1073 824 :
1098 776 1231 838 AB,
1287 776 1340 825 et
1388 773 1614 826 ducatur
1661 776 1791 826 AH.

111 861 456 913 manifestum
495 861 682 930 igitur,
720 864 782 913 ut
820 862 876 912 in
916 861 1237 930 hyperbole„
1275 864 1480 914 rectam
1512 864 1639 913 AH
1669 880 1793 915 con-

111 937 318 1019 tingere
361 949 433 1017 [1,
473 950 597 1016 34].Ί

223 1038 331 1091 iam
367 1057 552 1091 rursus
586 1039 770 1091 datum
801 1041 1058 1106 punctum
1092 1039 1163 1092 sit
1195 1042 1264 1108 K,
1304 1041 1357 1091 et
1390 1042 1640 1107 oporteat
1670 1058 1796 1092 con-

111 1125 410 1196 tingentem
459 1126 663 1179 ducere.
747 1127 949 1179 factum
994 1128 1087 1197 sit,
1134 1127 1306 1196 sitque
1355 1129 1490 1197 KA‚
1538 1131 1591 1180 et
1638 1128 1796 1181 ducta

113 1214 179 1266 ad
211 1218 454 1267 centrum
478 1219 525 1267 Θ
556 1217 703 1268 recta
733 1217 790 1267 Κ
797 1218 846 1267 Λ
878 1220 924 1268 Θ
957 1215 1024 1267 ad
1054 1219 1114 1268 N
1142 1216 1492 1285 producatur3
1523 1215 1794 1285 positione

111 1302 280 1372 igitur
326 1303 454 1355 data
501 1304 602 1356 erit
641 1303 768 1369 [dat.
809 1305 920 1370 26].
997 1306 1050 1356 et
1089 1303 1135 1356 si
1181 1307 1317 1356 AM
1357 1304 1601 1356 ordinate
1650 1304 1795 1356 duci-

109 1393 227 1460 tur,
296 1391 398 1444 erit
451 1395 624 1444 NM:
658 1395 781 1444 MA
815 1418 883 1435 =
917 1395 1080 1444 NK:
1114 1395 1228 1444 KA
1287 1391 1359 1461 [Ι,
1406 1392 1515 1460 36].
1608 1410 1795 1444 uerum

109 1479 250 1531 ratio
292 1482 349 1531 K
356 1483 418 1532 N
434 1500 446 1532 ε
470 1482 584 1532 ΚΛ
631 1480 760 1533 data
807 1483 888 1533 est
936 1481 1064 1546 [dat.
1110 1482 1186 1549 1];
1242 1499 1404 1548 quare
1454 1481 1616 1532 etiam
1655 1481 1795 1532 ratio

47 1638 51 1642 ἡ
111 1569 277 1620 MN:
305 1571 435 1620 AM
480 1569 606 1621 data
660 1572 756 1621 est.
838 1570 1021 1638 itaque
1067 1571 1137 1620 M
1186 1569 1371 1621 datum
1418 1571 1500 1621 est
1547 1569 1676 1634 [dat.
1725 1570 1796 1635 7].

113 1659 167 1708 et
214 1655 442 1726 erecta¹)
490 1659 574 1709 est
620 1661 690 1709 M
694 1662 767 1726 Α,
824 1660 1003 1710 rectae
1059 1657 1202 1709 enim
1252 1657 1311 1709 in
1356 1660 1408 1708 A
1462 1657 1798 1727 contingenti

111 1745 370 1812 parallela
410 1748 504 1797 est.
558 1745 739 1813 itaque
775 1748 902 1797 MA
940 1746 1208 1814 positione
1249 1745 1376 1798 data
1409 1748 1492 1798 est
1525 1746 1654 1811 [dat.
1685 1746 1796 1811 29].
1862 1755 1865 1758 “

114 1850 274 1901 quare
313 1837 366 1885 A
406 1833 591 1885 datum
631 1837 714 1886 est
756 1833 887 1899 [dat.
922 1834 1032 1899 25].
1094 1852 1278 1886 uerum
1319 1834 1482 1886 etiam
1520 1837 1577 1885 K
1613 1834 1798 1887 datum

114 1926 207 1973 est.
285 1939 413 1992 ergo
454 1925 510 1974 Κ
522 1927 572 1973 A
610 1922 884 1990 positione
925 1922 1052 1974 data
1091 1926 1172 1974 est
1215 1922 1344 1988 [dat.
1384 1923 1492 1988 26].

225 2010 542 2078 compositio
570 2012 747 2062 autem
774 2010 961 2062 eadem
986 2013 1066 2062 est
1088 2010 1222 2062 acin
1238 2010 1579 2082 praecedenti
1597 2010 1662 2078 [1,
1681 2011 1788 2076 34].

923 2141 982 2196 L.

224 2228 422 2299 Dqgtam
455 2230 576 2282 coni
608 2230 896 2283 sectionem
930 2231 1332 2300 contingentem
1365 2231 1552 2283 ducere
1577 2232 1795 2297 rectam,

115 2335 248 2385 quae
290 2318 356 2370 ad
397 2337 550 2370 axem
590 2318 656 2370 ad
698 2318 911 2370 easdem
945 2322 1141 2387 partes,
1179 2319 1238 2371 in
1271 2319 1464 2387 quibus
1497 2321 1579 2371 est
1612 2317 1792 2386 sectio,

116 2406 373 2475 angulum
414 2406 615 2458 efficiat
655 2407 780 2459 dato
823 2407 1018 2475 angulo
1060 2410 1215 2459 acuto
1266 2407 1558 2475 aequalem.

227 2494 346 2546 coni
386 2495 551 2547 sectio
590 2495 739 2563 prius
780 2495 850 2546 sit
887 2494 1169 2563 parabola,
1217 2495 1365 2547 cuius
1408 2495 1523 2546 axis
1563 2493 1634 2545 sit
1671 2496 1793 2545 AB.
1868 2545 1870 2547 ,

116 2584 331 2648 oportet
368 2581 535 2652 igitur
575 2583 865 2635 sectionem
906 2582 1308 2651 contingentem
1348 2585 1549 2634 rectam
1588 2580 1795 2648 ducere,

116 2685 250 2736 quae
297 2670 364 2722 ad
411 2687 563 2722 axem
601 2673 708 2721 AB
760 2670 826 2722 ad
877 2670 1088 2722 easdem
1127 2673 1338 2738 parteS,
1385 2669 1442 2720 in
1481 2669 1672 2737 quibus
1713 2670 1793 2720 est

115 2757 303 2822 sectio,
350 2758 606 2825 angulum
655 2757 855 2809 efficiat
894 2758 1021 2810 dato
1063 2759 1262 2826 angulo
1304 2759 1463 2808 acuto
1505 2757 1794 2825 aequalem.

238 2903 278 2957 1)
312 2900 382 2945 Sc.
415 2901 463 2945 in
498 2901 604 2946 dato
638 2901 821 2957 angulo.
