1942 3172
661 99 1016 142 comconuM
1046 99 1227 140 LIBER
1255 100 1292 140 1.
1404 152 1407 156 ⁸
1643 82 1645 84 ’
1745 96 1813 148 21

138 219 622 272 demonstrauimus
656 221 850 288 autem,
885 237 1000 272 esse
1025 223 1127 271 EZ
1145 231 1214 274 ><
1235 221 1343 270 ZA
1364 244 1432 261 =
1450 215 1586 271 Ze?
1653 236 1816 287 quare

137 309 299 362 etiam
339 311 446 361 KZ
471 320 541 364 ><
567 311 681 360 ZH
701 333 769 351 =
797 306 932 361 2692.
1025 312 1029 313 ⁷

244 397 355 450 iam
396 397 643 450 similiter
682 396 1183 465 demonstrabimUS,
1224 397 1389 450 etiam
1429 414 1612 449 omnes
1643 400 1816 450 rectas

137 504 168 538 a
199 486 343 538 linea
366 488 543 538 ΗΘΚ
572 485 638 538 ad
662 488 786 537 HK
811 485 1276 554 perpendiculares
1308 485 1495 538 ductas
1527 485 1816 554 quadratas

137 575 386 643 aequales
428 593 543 628 esse
581 575 895 644 rectangulo
934 575 1171 644 partium
1210 577 1388 627 rectae
1427 577 1559 627 HK.
1796 646 1798 649 y

249 679 376 732 ergo
418 663 581 716 sectio
622 663 848 715 circulus
889 666 992 732 est,
1040 663 1187 715 cuius
1229 663 1520 716 diametrus
1562 666 1644 716 est
1682 666 1814 717 HK.

928 810 1021 865 VI.

249 916 302 968 Si
350 932 515 967 conus
554 915 717 983 plano
756 933 853 984 per
892 934 1044 968 axem
1086 919 1310 982 secatur,
1349 918 1402 967 et
1441 916 1496 968 in
1538 915 1816 984 superficie

137 1004 252 1055 coni
297 1006 556 1073 punctum
605 1004 818 1073 aliquod
869 1005 1119 1073 sumitur,
1169 1004 1310 1073 quod
1350 1004 1405 1056 in
1443 1005 1610 1056 latere
1649 1005 1816 1057 trian-

136 1091 250 1161 guli
287 1112 383 1161 per
423 1112 575 1147 axem
614 1093 781 1162 positi
819 1112 930 1146 non
970 1097 1077 1158 est,
1117 1096 1171 1145 et
1211 1094 1278 1146 ab
1319 1111 1380 1146 eo
1420 1096 1567 1146 recta
1607 1093 1818 1146 ducitur

134 1182 397 1248 parallela
443 1190 619 1235 rectae
663 1183 730 1235 ab
771 1184 975 1235 ambitu
1016 1182 1200 1235 circuli
1240 1182 1306 1234 ad
1345 1182 1519 1237 basim
1557 1182 1816 1251 trianguli

134 1271 575 1340 perpendiculari,
615 1290 677 1324 ea
707 1291 827 1325 cum
859 1271 1135 1340 triangulo
1167 1289 1263 1339 per
1296 1288 1448 1323 axem
1483 1270 1663 1339 posito
1696 1288 1816 1323 con-

136 1363 311 1412 curret
343 1363 395 1412 et
425 1378 594 1429 usque
627 1360 694 1412 ad
727 1361 949 1412 alteram
982 1362 1193 1429 partem
1226 1359 1527 1428 superficiei
1558 1359 1816 1428 producta

137 1466 168 1500 a
206 1449 478 1518 triangulo
517 1450 575 1501 in
613 1449 743 1501 duas
783 1452 961 1517 partes
1003 1449 1250 1517 aequales
1293 1436 1576 1500 secabitur.

249 1538 319 1590 sit
350 1548 530 1607 conUS,
569 1538 718 1590 cuius
751 1540 936 1589 uertex
970 1538 1042 1589 sit
1073 1542 1125 1589 A
1156 1540 1428 1605 punctum,
1461 1537 1607 1589 basis
1641 1543 1817 1589 autem

136 1629 246 1679 ΒΓ
278 1627 522 1696 circulus,
560 1629 613 1678 et
651 1629 858 1678 secetur
898 1643 1060 1678 conus
1099 1627 1260 1697 plano
1293 1643 1388 1694 per
1421 1644 1589 1693 axem,
1629 1628 1683 1678 et
1714 1625 1816 1678 hoc

137 1733 472 1768 communem
521 1715 809 1768 sectionem
852 1715 1048 1767 efficiat
1079 1716 1249 1766 ΑΒΓ
1286 1714 1643 1784 triangulum,
1693 1717 1746 1766 et
1785 1732 1817 1766 a

138 2611 338 2676 puncto
378 2611 444 2660 M
488 2610 722 2663 ambitus
762 2613 869 2664 ΒΓ
910 2612 976 2664 ad
1016 2615 1125 2665 ΒΓ
1161 2613 1615 2683 perpendicularis
1659 2614 1812 2669 duca-

138 2698 227 2748 tur
279 2699 423 2750 MN.
509 2698 617 2751 iam
669 2698 726 2750 in
781 2701 1058 2768 superficie
1112 2702 1234 2754 coni
1286 2705 1541 2771 punctum
1597 2704 1811 2773 aliquod

141 2788 383 2837 sumatur
408 2789 474 2852 A,
508 2790 560 2838 et
589 2804 685 2855 per
710 2791 765 2838 A
794 2791 969 2841 rectae
998 2793 1131 2841 MN
1154 2791 1411 2858 parallela
1443 2790 1664 2844 ducatur
1686 2796 1812 2845 AE.

140 2872 274 2941 dico,
303 2877 506 2926 rectam
532 2878 585 2925 Δ
596 2878 647 2926 Ε
674 2875 987 2943 productam
1019 2892 1138 2930 cum
1170 2879 1332 2946 plano
1364 2879 1625 2948 trianguli
1650 2884 1816 2934 ΑΒΓ
