1982 3178
118 1069 173 1109 10

115 1516 170 1556 15

109 2050 167 2091 20

108 2495 164 2536 25

210 94 283 147 80
868 95 1148 141 ΚΩΝΙΚΩΝ
1180 93 1249 143 α’.

210 213 520 286 ἐπεζεύχθω
553 214 587 286 ἡ
616 221 671 270 A
682 220 747 269 Z·
795 214 829 286 ἡ
857 221 913 270 A
922 221 967 270 Z
999 215 1107 287 ἄρα
1138 215 1512 288 ἐκβαλλομένη
1545 228 1902 288 συμπεσεῖται

207 307 274 377 τῇ
316 306 591 380 διαμέτρῳ
630 308 728 376 τῆς
765 313 950 377 τομῆς.
1019 305 1367 377 συμπιπτέτω
1407 303 1546 362 κατὰ
1582 305 1646 363 τὸ
1684 313 1759 362 Α·
1806 311 1906 363 καί

211 394 326 449 ἐστι
365 392 575 465 μεταξὺ.
605 402 705 466 τῆς
742 415 800 451 τε
838 403 1009 466 τομῆς
1046 395 1139 450 καὶ
1177 403 1276 466 τῆς
1308 400 1481 451 ΖΛΑ
1511 393 1746 467 ἡΓΔΕ.
1806 395 1900 452 καὶ

206 480 241 554 ἡ
291 487 394 538 ΓΔ
405 489 455 538 Ε
505 481 613 554 ἄρα
665 484 1038 555 ἐκβαλλομένη
1095 495 1450 556 συμπεσεῖται
1502 487 1569 558 τῇ
1624 485 1898 560 διαμέτρῳ

208 570 363 638 ἐκτὸς
399 576 497 644 τῆς
534 576 720 645 τομῆς.

710 674 715 681 ’
1007 676 1104 733 κε’.

314 779 447 837 Ἐὰν
486 782 724 847 ἐλλείψει
764 779 957 838 εὐθεῖα
991 786 1382 853 συμπίπτουσα
1413 781 1614 854 μεταξὺ
1644 786 1758 838 τῶν
1791 781 1896 839 δύο
1967 819 1969 822 <

207 871 518 944 διαμέτρων
569 872 941 943 ἐκβαλλομένη
991 868 1077 942 ἐφ’
1123 870 1351 944 ἑκάτερα
1399 870 1551 937 ἐκτὸς
1594 875 1762 946 πίπτῃ
1801 875 1898 944 τῆς
1973 874 1975 879 ’

204 963 393 1032 τομῆς,
434 971 790 1031 συμπεσεῖται
831 961 1060 1035 ἑκατέρᾳ
1097 964 1211 1017 τῶν
1251 961 1577 1033 διαμέτρων.

317 1053 456 1105 ἔστω
490 1053 748 1121 ἔλλειψις,
787 1042 852 1121 ῆς
884 1049 1170 1122 διάμετροι
1203 1052 1265 1105 αἰ
1291 1058 1344 1105 Α
1355 1056 1419 1120 Β,
1446 1055 1566 1121 ΓΛ,
1604 1051 1696 1106 καὶ
1723 1049 1895 1124 ταύτῃ

207 1139 558 1210 συμπιπτέτω
598 1161 682 1204 τις
728 1138 926 1196 εὐθεῖα
965 1137 1167 1211 μεταξὺ
1213 1142 1325 1195 τῶν
1366 1139 1471 1196 δύο
1513 1140 1824 1213 διαμέτρων
1862 1137 1897 1211 ἡ

204 1234 310 1283 ΕΖ
355 1226 492 1283 κατὰ
548 1226 611 1284 τὸ
658 1234 719 1284 Η
769 1228 862 1284 καὶ
911 1229 1284 1300 ἐκβαλλομένη
1334 1225 1423 1300 ἐφ’
1469 1227 1697 1300 ἑκάτερα
1744 1226 1897 1295 ἐκτὸς

203 1319 438 1374 πιπτέτω
462 1321 560 1388 τῆς
583 1320 767 1390 τομῆς.
814 1318 972 1389 λέγω,
999 1316 1083 1374 ὅτι
1107 1319 1141 1391 ἡ
1167 1324 1262 1374 ΕΖ
1288 1329 1644 1389 συμπεσεῖται
1668 1317 1896 1392 ἑκατέρᾳ

202 1411 314 1464 τῶν
354 1414 481 1479 ΑΒ,
514 1411 634 1464 ΓΔ.

313 1496 685 1569 κατήχθωσαν
709 1494 818 1552 ἀπὸ
843 1500 943 1553 τοῦ
960 1502 1025 1552 Η
1049 1497 1137 1552 ἐπὶ
1160 1495 1257 1563 τὰς
1280 1502 1334 1551 Α
1343 1502 1407 1567 Β,
1427 1501 1530 1552 ΓΔ
1551 1496 1895 1568 τεταγμένως

201 1589 263 1642 ac
297 1592 429 1657 ΗΘ,
469 1592 602 1642 ΗΚ.
681 1586 795 1642 ἐπεὶ
843 1585 1193 1659 παράλληλός
1233 1587 1383 1641 ἐστιν
1422 1584 1457 1656 ἡ
1498 1589 1623 1640 ΗΚ
1658 1588 1724 1658 τῇ
1764 1591 1892 1656 ΑΒ,
1952 1577 1958 1619 ³

205 1677 563 1748 συμπέπτωκε
611 1676 678 1732 δέ
719 1698 801 1741 τις
845 1679 910 1749 τῇ
950 1682 1074 1731 ΗΚ
1117 1674 1151 1747 ἡ
1192 1681 1331 1746 ΗΖ,
1383 1675 1476 1730 καὶ
1521 1677 1587 1748 τῇ
1626 1680 1734 1730 AB
1781 1673 1893 1745 ἄρα
1951 1662 1960 1722 Ῠ

200 1777 570 1836 συμπεσεῖται.
626 1764 834 1837 ὁμοίως
866 1765 935 1836 δὴ
966 1765 1058 1820 καὶ
1089 1773 1154 1837 τῇ
1180 1769 1283 1819 ΓΔ
1322 1774 1678 1836 συμπεσεῖται
1709 1762 1744 1835 ἡ
1772 1769 1889 1821 ΕΖ.

991 1927 1097 1986 κς’.

198 2122 302 2193 τὴν
349 2121 648 2194 διάμετρον
693 2124 790 2192 τῆς
834 2123 1029 2193 τομῆς,
1077 2132 1431 2192 συμπεσεῖται
1470 2123 1536 2193 τῇ
1574 2122 1714 2193 τομῇ
1750 2117 1880 2175 καθ’
1963 2131 1977 2175 ἡ

198 2213 260 2266 ἓν
299 2210 479 2282 μόνον
517 2221 762 2282 σημεῖον.
799 2238 802 2245 ·
1968 2197 1972 2204 ι

311 2304 449 2356 ἔστω
496 2300 772 2372 πρότερον
816 2298 1132 2371 παραβολή,
1179 2291 1246 2371 ἧς
1291 2298 1586 2372 διάμετρος
1623 2296 1656 2370 ἡ
1696 2302 1887 2368 ΑΒΓ,

199 2389 371 2462 ὀρθία
426 2388 489 2445 δὲ
541 2386 575 2461 ἡ
622 2395 765 2459 ΛΔ,
820 2388 912 2444 καὶ
964 2392 1030 2461 τῇ
1077 2395 1184 2444 ΑΒ
1239 2388 1588 2461 παράλληλος
1640 2386 1799 2459 ἤχθω
1853 2384 1885 2458 ἡ

197 2484 315 2534 ΕΖ.
398 2479 566 2550 λέγω,
622 2476 707 2534 ὅτι
754 2475 788 2549 ἡ
836 2483 938 2532 ΕΖ
993 2479 1367 2550 ἐκβαλλομένη
1419 2487 1774 2549 συμπεσεῖται
1818 2480 1886 2550 τῇ

197 2588 352 2641 τομῃ.

316 2735 357 2775 2.
389 2731 492 2790 τῆς]
527 2727 661 2783 ἐκτὸς
691 2734 773 2787 τῆς
801 2730 985 2787 Halley.
1139 2735 1178 2775 5.
1219 2730 1322 2788 τῆς]
1363 2741 1452 2774 om.
1485 2729 1534 2773 in
1566 2730 1680 2773 exizr.
1713 2727 1792 2773 lin.
1825 2726 1882 2784 V,

196 2801 311 2835 corr.
345 2805 430 2847 vp.
585 2797 626 2836 6.
658 2790 732 2836 κε’
791 2805 846 2848 p,
880 2805 983 2862 om.e
1001 2789 1057 2846 V,
1089 2804 1148 2834 m.
1183 2794 1208 2834 2
1242 2804 1286 2834 v.
1438 2792 1507 2833 16.
1542 2787 1664 2862 ῌΚ]
1699 2789 1804 2844 (pr.)
1835 2801 1882 2843 p,

197 2861 311 2893 corr.
345 2862 402 2892 ex
435 2851 530 2894 ΘΚ
557 2866 618 2896 m.
654 2855 676 2894 1
756 2885 766 2896 .
860 2854 928 2894 18.
960 2849 1011 2908 η]
1078 2886 1087 2903 ,
1122 2863 1210 2895 om.
1245 2848 1300 2893 V.
1388 2852 1456 2893 19.
1488 2847 1591 2906 κς]
1622 2862 1668 2903 p,
1702 2858 1791 2893 om.
1824 2845 1882 2903 V,

195 2921 256 2952 m.
282 2913 308 2952 2
334 2923 376 2955 v.
500 2915 569 2958 20.
604 2908 677 2969 ἐν]
710 2908 891 2965 addidi;
925 2923 1013 2954 om.
1042 2863 1100 2953 I}-
1224 2913 1294 2954 23.
1326 2905 1377 2966 ἡ]
1410 2922 1454 2965 p,
1488 2921 1576 2953 om.
1609 2905 1666 2951 V.
