1982 3178
100 1085 155 1125 10

99 1531 153 1572 15

97 1978 154 2018 20

97 2425 154 2464 25

188 67 261 120 42
846 69 1125 114 ΚΩΝΙΚῼΝ
1157 66 1223 114 α’.

298 192 578 243 καλείσθω
620 187 682 244 δὲ
719 185 752 260 ῆ
793 187 896 260 μὲν
935 187 1163 260 τοιαύτη
1203 187 1342 261 τομὴ
1382 187 1697 262 παραβολή,
1743 187 1778 262 ἡ
1819 189 1882 246 δὲ

189 282 292 331 ΘΖ
330 278 467 348 παρ’
501 273 573 348 ἢν
613 275 885 333 δύνανται
925 280 986 332 αἰ
1020 277 1393 349 καταγόμεναι
1422 280 1764 351 τεταγμένως
1795 279 1881 335 ἐπὶ

187 366 290 437 τὴν
332 372 450 422 ΖΗ
482 365 799 438 διάμετρον,
838 372 1118 423 καλείσθω
1161 365 1221 423 δὲ
1260 367 1351 422 καὶ
1392 365 1603 438 ὀρθία,

993 515 1087 585 ιβ’.

292 618 425 676 Ἐὰν
464 622 644 686 κῶνος
682 621 921 695 ἐπιπέδῳ
958 624 1144 694 τμηθῇ
1179 620 1271 676 διὰ
1302 625 1404 677 τοῦ
1436 619 1654 693 ἄξονος,
1691 625 1879 696 τμηθῇ

193 707 253 765 δὲ
291 710 384 765 καὶ
424 709 592 783 ἑτέρῳ
634 704 870 784 ἐπιπέδῳ
909 711 1167 782 τέμνοντι
1205 709 1309 782 τὴν
1347 710 1516 781 βάσιν
1554 713 1655 767 τοῦ
1693 710 1883 768 κώνου

188 797 299 853 κατ’
346 796 576 854 εὐθεῖαν
615 797 753 869 πρὸς
792 798 971 871 ὀρθὰς
1010 793 1187 856 οὖσαν
1225 809 1291 874 τῇ
1332 800 1491 871 βάσει
1522 803 1624 856 τοῦ
1656 798 1749 856 διὰ
1780 803 1884 857 τοῦ

190 979 397 1049 λομένη
461 983 740 1052 συμπίπτῃ
804 982 901 1053 μιᾷ
958 983 1170 1054 πλευρᾷ
1225 982 1326 1035 τοῦ
1381 977 1474 1035 διὰ
1526 982 1629 1036 τοῦ
1682 978 1884 1047 ἄξονος

188 1067 466 1139 τριγώνου
510 1066 663 1133 ἐκτὸς
701 1077 797 1139 τῆς
835 1071 937 1123 τοῦ
974 1070 1162 1124 κώνου
1199 1072 1466 1142 κορυφῆς,
1505 1066 1624 1141 ἥτις
1661 1065 1733 1125 ἂν
1772 1067 1880 1125 ἀπὸ

185 1160 286 1227 τῆς
350 1160 522 1229 τομῆς
591 1155 740 1231 ἀχθῇ
809 1157 1161 1229 παράλληλος
1228 1161 1293 1231 τῇ
1355 1161 1517 1232 κοινῇ
1578 1161 1719 1232 τομῇ
1779 1161 1883 1214 τοῦ

189 1247 488 1316 τέμνοντος
535 1248 798 1302 ἐπιπέδου
843 1247 934 1302 καὶ
981 1250 1078 1318 τῆς
1122 1246 1336 1317 βάσεως
1379 1250 1482 1303 τοῦ
1521 1246 1733 1318 κώνου,
1781 1248 1884 1313 ἕως

185 1338 283 1406 τῆς
336 1336 636 1407 διαμέτρου
689 1340 785 1407 τῆς
834 1340 1005 1408 τομῆς
1060 1336 1364 1408 δυνήσεταί
1412 1359 1464 1392 τι
1518 1342 1726 1409 χωρίον
1780 1357 1881 1392 πα-

189 1430 521 1497 ρακείμενον
560 1427 707 1497 παρά
744 1447 871 1481 τινα
910 1423 1161 1497 εὐθεῖαν,
1202 1425 1341 1496 πρὸς
1379 1422 1451 1497 ἣν
1489 1425 1661 1497 λόγον
1702 1429 1811 1498 ἔχει
1845 1423 1880 1498 ἡ

188 1512 269 1570 ἐπ’
316 1513 541 1580 εὐθείας
587 1513 688 1586 μὲν
737 1509 877 1571 οὖσα
922 1519 987 1588 τῇ
1039 1516 1312 1590 διαμέτρῳ
1359 1518 1455 1587 τῆς
1499 1518 1693 1587 τομῆς,
1747 1512 1882 1570 ὑπο-

185 1608 446 1660 τείνουσα
495 1604 556 1660 δὲ
602 1603 704 1676 τὴν
752 1603 907 1670 ἐκτὸς
951 1607 1052 1660 τοῦ
1098 1603 1378 1676 τριγώνου
1423 1609 1660 1675 γωνίαν,
1711 1601 1779 1660 ὃν
1817 1601 1880 1660 τὸ

184 1693 537 1766 τετράγωνον
575 1692 637 1749 τὸ
679 1690 786 1749 ἀπὸ
827 1697 923 1765 τῆς
959 1691 1200 1766 ἠγμένης
1230 1691 1339 1749 άπὸ
1371 1697 1469 1765 τῆς
1498 1697 1750 1765 κορυφῆς
1780 1695 1880 1749 τοῦ

185 1781 373 1838 κώνου
411 1780 560 1853 παρὰ
599 1781 702 1854 τὴν
742 1782 1042 1856 διάμετρον
1081 1786 1178 1854 τῆς
1207 1785 1378 1854 τομῆς
1410 1784 1513 1848 ἕως
1542 1785 1638 1854 τῆς
1667 1782 1882 1852 βάσεως

184 1874 286 1926 τοῦ
346 1872 627 1942 τριγώνου
687 1870 826 1942 πρὸς
877 1870 940 1927 τὸ
1002 1871 1398 1944 περιεχόμενον
1456 1869 1564 1927 ὑπὸ
1621 1879 1731 1927 τῶν
1785 1873 1881 1942 τῆς

187 1959 402 2031 βάσεως
443 1959 767 2031 τμημάτων,
815 1952 896 2015 οὖν
935 1972 1085 2016 ποιεῖ
1121 1958 1153 2031 ἡ
1196 1960 1458 2032 ἀχθεῖσα,
1506 1959 1711 2026 πλάτος
1750 1964 1879 2032 ἔχον

185 2047 290 2119 τὴν
338 2047 880 2121 άπολαμβανομένην
927 2047 1016 2105 ὑπ’
1067 2047 1238 2121 αὐτῆς
1284 2048 1392 2106 ἀπὸ
1439 2053 1536 2122 τῆς
1580 2051 1880 2122 διαμέτρου

186 2137 325 2208 πρὸς
368 2141 434 2212 τῇ
482 2147 705 2212 κορυφῇ
753 2142 849 2210 τῆς
887 2142 1084 2210 τομῆς,
1133 2137 1486 2210 ὑπερβάλλον
1526 2141 1662 2194 εἴδει
1703 2135 1877 2212 ὁμοίῳ

185 2249 242 2282 τε
297 2227 389 2282 καὶ
443 2223 649 2296 ὁμοίως
701 2227 935 2303 κειμένῳ
982 2230 1058 2302 τῷ
1107 2229 1475 2303 περιεχομένῳ
1522 2225 1634 2283 ὑπό
1680 2249 1737 2282 τε
1781 2235 1881 2297 τῆς

186 2313 587 2385 ὑποτεινούσης
626 2315 728 2385 τὴν
770 2315 922 2381 ἐκτὸς
960 2320 1173 2387 γωνίαν
1211 2320 1313 2371 τοῦ
1353 2315 1630 2387 τριγώνου
1660 2315 1751 2370 καὶ
1781 2318 1880 2386 τῆς

188 2402 318 2475 παρ’
369 2400 442 2475 ἣν
497 2403 768 2459 δύνανται
825 2406 887 2458 αἱ
940 2404 1333 2476 καταγόμεναι·
1393 2409 1673 2460 καλείσθω
1730 2403 1791 2460 δὲ
1840 2405 1874 2474 ἡ

189 2492 417 2563 τοιαύτη
457 2491 596 2563 τομὴ
636 2489 981 2564 ὑπερβολή.

301 2586 437 2638 ἔστω
477 2585 683 2653 κῶνος,
724 2574 792 2638 οὗ
830 2581 1051 2653 κορυφὴ
1093 2582 1195 2654 μὲν
1233 2582 1295 2638 τὸ
1338 2590 1390 2637 Α
1428 2593 1677 2654 σημεῖον,
1716 2580 1877 2652 βάσις

190 2671 251 2726 δὲ
313 2669 341 2726 ὁ
400 2675 510 2726 ΒΓ
563 2671 786 2742 κύκλος,
843 2671 934 2726 καὶ
988 2674 1276 2743 τετμήσθω
1331 2674 1568 2747 ἐπιπέδῳ
1626 2673 1719 2725 διὰ
1772 2673 1875 2726 τοῦ

308 2826 348 2863 4.
376 2815 462 2877 ιβ’]
482 2835 526 2876 p,
555 2832 644 2864 om.
664 2821 720 2875 V,
738 2835 798 2865 m.
816 2825 842 2864 2
862 2836 903 2864 v.
977 2826 1044 2864 15.
1065 2815 1281 2878 εὐθείας]
1309 2833 1458 2877 comp.
1476 2819 1531 2863 V.
1595 2818 1803 2875 μένουσα
1817 2818 1874 2874 V,

189 2891 304 2923 corr.
330 2879 600 2923 Command.
1850 2881 1857 2886 '

191 888 392 954 ἄξονος
435 888 740 961 τριγώνου,
788 890 880 945 καὶ
928 887 961 961 ἡ
1010 889 1305 962 διάμετρος
1349 893 1446 961 τῆς
1487 896 1656 962 τομῆς
1694 891 1883 962 ἐκβαλ-
1964 848 1982 989 ἷ-

1974 1022 1982 1054 2
