<?xml version="1.0" encoding="UTF-8"?>
<!DOCTYPE html PUBLIC "-//W3C//DTD XHTML 1.0 Transitional//EN"
    "http://www.w3.org/TR/xhtml1/DTD/xhtml1-transitional.dtd">
<html xmlns="http://www.w3.org/1999/xhtml" xml:lang="en" lang="en">
 <head>
  <title>
</title>
<meta http-equiv="Content-Type" content="text/html;charset=utf-8" />
  <meta name='ocr-system' content='tesseract 3.04.00' />
  <meta name='ocr-capabilities' content='ocr_page ocr_carea ocr_par ocr_line ocrx_word'/>
</head>
<body>
  <div class='ocr_page' id='page_1' title='image "apolloniipergaei01apoluoft_0054.png"; bbox 0 0 1982 3178; ppageno 0'>
   <div class='ocr_carea' id='block_1_1' title="bbox 204 129 1231 187">
    <p class='ocr_par' dir='ltr' id='par_1_1' title="bbox 204 129 1231 187">
     <span class='ocr_line' id='line_1_1' title="bbox 204 129 1231 187; baseline -0.009 0"><span class='ocrx_word' id='word_1_1' title='bbox 204 134 274 187; x_wconf 88' lang='lat'><strong><em>36</em></strong></span> <span class='ocrx_word' id='word_1_2' title='bbox 861 134 1139 178; x_wconf 69' lang='grc' dir='ltr'><strong>ΚΩΝΙΚΩΝ</strong></span> <span class='ocrx_word' id='word_1_3' title='bbox 1171 129 1231 178; x_wconf 76' lang='grc' dir='ltr'><strong><em>α’.</em></strong></span> 
     </span>
    </p>
   </div>
   <div class='ocr_carea' id='block_1_2' title="bbox 144 250 1959 682">
    <p class='ocr_par' dir='ltr' id='par_1_2' title="bbox 203 250 1897 326">
     <span class='ocr_line' id='line_1_2' title="bbox 203 250 1897 326; baseline 0.001 -17"><span class='ocrx_word' id='word_1_4' title='bbox 203 251 342 309; x_wconf 76' lang='grc' dir='ltr'><strong><em>ἀλλὰ</em></strong></span> <span class='ocrx_word' id='word_1_5' title='bbox 392 251 426 325; x_wconf 85' lang='grc' dir='ltr'><em>ἡ</em></span> <span class='ocrx_word' id='word_1_6' title='bbox 475 250 586 309; x_wconf 84' lang='grc' dir='ltr'><strong><em>ὑπὸ</em></strong></span> <span class='ocrx_word' id='word_1_7' title='bbox 637 258 841 308; x_wconf 88' lang='grc' dir='ltr'><strong><em>ΔΝΜ</em></strong></span> <span class='ocrx_word' id='word_1_8' title='bbox 880 256 1057 324; x_wconf 93' lang='grc' dir='ltr'><strong><em>γωνία</em></strong></span> <span class='ocrx_word' id='word_1_9' title='bbox 1103 256 1169 326; x_wconf 81' lang='grc' dir='ltr'><strong><em>τῇ</em></strong></span> <span class='ocrx_word' id='word_1_10' title='bbox 1217 250 1325 308; x_wconf 78' lang='grc' dir='ltr'><strong><em>ὑπὸ</em></strong></span> <span class='ocrx_word' id='word_1_11' title='bbox 1372 253 1548 309; x_wconf 90' lang='grc' dir='ltr'><strong><em>ΑΒΓ</em></strong></span> <span class='ocrx_word' id='word_1_12' title='bbox 1587 255 1736 310; x_wconf 87' lang='grc' dir='ltr'><strong><em>ἐστιν</em></strong></span> <span class='ocrx_word' id='word_1_13' title='bbox 1784 259 1897 325; x_wconf 80' lang='grc' dir='ltr'><strong><em>ἴση·</em></strong></span> 
     </span>
    </p>

    <p class='ocr_par' dir='ltr' id='par_1_3' title="bbox 203 331 1959 416">
     <span class='ocr_line' id='line_1_3' title="bbox 203 331 1959 416; baseline 0 -18"><span class='ocrx_word' id='word_1_14' title='bbox 203 342 554 414; x_wconf 75' lang='grc' dir='ltr'><strong><em>παράλληλος</em></strong></span> <span class='ocrx_word' id='word_1_15' title='bbox 591 340 698 414; x_wconf 80' lang='grc' dir='ltr'><strong><em>γὰρ</em></strong></span> <span class='ocrx_word' id='word_1_16' title='bbox 737 341 771 414; x_wconf 83' lang='grc' dir='ltr'><em>ἡ</em></span> <span class='ocrx_word' id='word_1_17' title='bbox 804 345 919 406; x_wconf 80' lang='grc' dir='ltr'><strong><em>ΝΞ</em></strong></span> <span class='ocrx_word' id='word_1_18' title='bbox 962 345 1027 415; x_wconf 84' lang='grc' dir='ltr'><strong><em>τῇ</em></strong></span> <span class='ocrx_word' id='word_1_19' title='bbox 1068 346 1191 398; x_wconf 89' lang='grc' dir='ltr'><strong><em>ΒΓ·</em></strong></span> <span class='ocrx_word' id='word_1_20' title='bbox 1231 342 1324 397; x_wconf 87' lang='grc' dir='ltr'><strong><em>καὶ</em></strong></span> <span class='ocrx_word' id='word_1_21' title='bbox 1363 339 1397 413; x_wconf 81' lang='grc' dir='ltr'>ἡ</span> <span class='ocrx_word' id='word_1_22' title='bbox 1436 340 1546 399; x_wconf 83' lang='grc' dir='ltr'><strong><em>ὑπὸ</em></strong></span> <span class='ocrx_word' id='word_1_23' title='bbox 1588 347 1758 399; x_wconf 87' lang='grc' dir='ltr'><strong><em>ΑΒΓ</em></strong></span> <span class='ocrx_word' id='word_1_24' title='bbox 1789 341 1898 416; x_wconf 74' lang='grc' dir='ltr'><strong><em>ἄρα</em></strong></span> <span class='ocrx_word' id='word_1_25' title='bbox 1957 331 1959 335; x_wconf 21' lang='lat'><strong>¹</strong></span> 
     </span>
    </p>

    <p class='ocr_par' dir='ltr' id='par_1_4' title="bbox 205 429 1898 505">
     <span class='ocr_line' id='line_1_4' title="bbox 205 429 1898 505; baseline 0.001 -18"><span class='ocrx_word' id='word_1_26' title='bbox 205 440 296 504; x_wconf 80' lang='grc' dir='ltr'><strong><em>ἴση</em></strong></span> <span class='ocrx_word' id='word_1_27' title='bbox 338 432 450 488; x_wconf 84' lang='grc' dir='ltr'><strong><em>ἐστὶ</em></strong></span> <span class='ocrx_word' id='word_1_28' title='bbox 491 434 555 505; x_wconf 80' lang='grc' dir='ltr'><strong><em>τῇ</em></strong></span> <span class='ocrx_word' id='word_1_29' title='bbox 596 429 703 487; x_wconf 85' lang='grc' dir='ltr'><strong><em>ὑπὸ</em></strong></span> <span class='ocrx_word' id='word_1_30' title='bbox 738 434 927 494; x_wconf 82' lang='grc' dir='ltr'><strong><em>ΜΕΞ.</em></strong></span> <span class='ocrx_word' id='word_1_31' title='bbox 991 429 1296 488; x_wconf 83' lang='grc' dir='ltr'><strong><em>ὑπεναντία</em></strong></span> <span class='ocrx_word' id='word_1_32' title='bbox 1335 430 1443 503; x_wconf 75' lang='grc' dir='ltr'><strong><em>ἄρα</em></strong></span> <span class='ocrx_word' id='word_1_33' title='bbox 1484 431 1634 488; x_wconf 83' lang='grc' dir='ltr'><strong><em>ἐστὶν</em></strong></span> <span class='ocrx_word' id='word_1_34' title='bbox 1666 430 1701 504; x_wconf 83' lang='grc' dir='ltr'><em>ἡ</em></span> <span class='ocrx_word' id='word_1_35' title='bbox 1734 432 1898 504; x_wconf 86' lang='grc' dir='ltr'><strong><em>τομή·</em></strong></span> 
     </span>
    </p>

    <p class='ocr_par' dir='ltr' id='par_1_5' title="bbox 144 518 1904 682">
     <span class='ocr_line' id='line_1_5' title="bbox 204 518 1904 593; baseline 0 -16"><span class='ocrx_word' id='word_1_36' title='bbox 204 520 338 592; x_wconf 84' lang='grc' dir='ltr'><strong><em>ὅπερ</em></strong></span> <span class='ocrx_word' id='word_1_37' title='bbox 388 520 489 593; x_wconf 88' lang='grc' dir='ltr'><strong><em>οὐχ</em></strong></span> <span class='ocrx_word' id='word_1_38' title='bbox 536 518 836 577; x_wconf 83' lang='grc' dir='ltr'><strong><em>ὑπόκειται.</em></strong></span> <span class='ocrx_word' id='word_1_39' title='bbox 915 519 1018 576; x_wconf 91' lang='grc' dir='ltr'><strong><em>οὐκ</em></strong></span> <span class='ocrx_word' id='word_1_40' title='bbox 1063 519 1173 591; x_wconf 76' lang='grc' dir='ltr'><strong><em>ἄρα</em></strong></span> <span class='ocrx_word' id='word_1_41' title='bbox 1220 520 1423 588; x_wconf 81' lang='grc' dir='ltr'><strong><em>κύκλος</em></strong></span> <span class='ocrx_word' id='word_1_42' title='bbox 1462 520 1613 577; x_wconf 83' lang='grc' dir='ltr'><strong><em>ἐστὶν</em></strong></span> <span class='ocrx_word' id='word_1_43' title='bbox 1648 518 1683 592; x_wconf 81' lang='grc' dir='ltr'><em>ἡ</em></span> <span class='ocrx_word' id='word_1_44' title='bbox 1725 525 1904 577; x_wconf 89' lang='grc' dir='ltr'><strong><em>ΛΚΕ</em></strong></span> 
     </span>
     <span class='ocr_line' id='line_1_6' title="bbox 144 632 441 682; baseline 0 0"><span class='ocrx_word' id='word_1_45' title='bbox 144 632 170 671; x_wconf 78' lang='grc'>5</span> <span class='ocrx_word' id='word_1_46' title='bbox 202 633 441 682; x_wconf 61' lang='lat' dir='ltr'><strong><em>motum]-</em></strong></span> 
     </span>
    </p>
   </div>
   <div class='ocr_carea' id='block_1_3' title="bbox 113 708 1979 2452">
    <p class='ocr_par' dir='ltr' id='par_1_6' title="bbox 1023 708 1081 740">
     <span class='ocr_line' id='line_1_7' title="bbox 1023 708 1081 740; baseline 0.017 -1"><span class='ocrx_word' id='word_1_47' title='bbox 1023 708 1042 739; x_wconf 90' lang='grc' dir='ltr'><strong><em>ι</em></strong></span> <span class='ocrx_word' id='word_1_48' title='bbox 1069 728 1081 740; x_wconf 94' lang='grc'><strong>.</strong></span> 
     </span>
    </p>

    <p class='ocr_par' dir='ltr' id='par_1_7' title="bbox 201 769 1900 1025">
     <span class='ocr_line' id='line_1_8' title="bbox 309 769 1896 847; baseline -0.001 -17"><span class='ocrx_word' id='word_1_49' title='bbox 309 772 439 830; x_wconf 82' lang='grc' dir='ltr'><strong><em>Ἐὰν</em></strong></span> <span class='ocrx_word' id='word_1_50' title='bbox 489 775 575 830; x_wconf 87' lang='grc' dir='ltr'><strong><em>ἐπὶ</em></strong></span> <span class='ocrx_word' id='word_1_51' title='bbox 621 774 810 830; x_wconf 89' lang='grc' dir='ltr'><strong><em>κώνου</em></strong></span> <span class='ocrx_word' id='word_1_52' title='bbox 855 778 1028 845; x_wconf 84' lang='grc' dir='ltr'><strong><em>τομῆς</em></strong></span> <span class='ocrx_word' id='word_1_53' title='bbox 1067 776 1260 847; x_wconf 80' lang='grc' dir='ltr'><em>ληφθῇ</em></span> <span class='ocrx_word' id='word_1_54' title='bbox 1302 773 1406 829; x_wconf 86' lang='grc' dir='ltr'><strong><em>δύο</em></strong></span> <span class='ocrx_word' id='word_1_55' title='bbox 1447 784 1671 845; x_wconf 85' lang='grc' dir='ltr'><strong><em>σημεῖα,</em></strong></span> <span class='ocrx_word' id='word_1_56' title='bbox 1719 769 1753 844; x_wconf 83' lang='grc' dir='ltr'>ἡ</span> <span class='ocrx_word' id='word_1_57' title='bbox 1795 772 1896 844; x_wconf 75' lang='grc' dir='ltr'><strong><em>μὲν</em></strong></span> 
     </span>
     <span class='ocr_line' id='line_1_9' title="bbox 203 859 1900 935; baseline 0 -17"><span class='ocrx_word' id='word_1_58' title='bbox 203 863 291 919; x_wconf 87' lang='grc' dir='ltr'><strong><em>ἐπὶ</em></strong></span> <span class='ocrx_word' id='word_1_59' title='bbox 321 862 389 918; x_wconf 84' lang='grc' dir='ltr'><strong><em>τὰ</em></strong></span> <span class='ocrx_word' id='word_1_60' title='bbox 422 874 621 935; x_wconf 83' lang='grc' dir='ltr'><strong><em>σημεῖα</em></strong></span> <span class='ocrx_word' id='word_1_61' title='bbox 654 864 1085 935; x_wconf 81' lang='grc' dir='ltr'><strong><em>ἐπιζευγνυμένη</em></strong></span> <span class='ocrx_word' id='word_1_62' title='bbox 1120 859 1314 919; x_wconf 80' lang='grc' dir='ltr'><strong><em>εὐθεῖα</em></strong></span> <span class='ocrx_word' id='word_1_63' title='bbox 1347 860 1505 928; x_wconf 85' lang='grc' dir='ltr'><strong><em>ἐντὸς</em></strong></span> <span class='ocrx_word' id='word_1_64' title='bbox 1534 873 1778 918; x_wconf 83' lang='grc' dir='ltr'><strong><em>πεσεῖται</em></strong></span> <span class='ocrx_word' id='word_1_65' title='bbox 1801 865 1900 934; x_wconf 85' lang='grc' dir='ltr'><strong><em>τῆς</em></strong></span> 
     </span>
     <span class='ocr_line' id='line_1_10' title="bbox 201 950 1344 1025; baseline 0 -18"><span class='ocrx_word' id='word_1_66' title='bbox 201 957 393 1024; x_wconf 84' lang='grc' dir='ltr'><strong><em>τομῆς,</em></strong></span> <span class='ocrx_word' id='word_1_67' title='bbox 432 951 466 1024; x_wconf 85' lang='grc' dir='ltr'>ἡ</span> <span class='ocrx_word' id='word_1_68' title='bbox 509 952 571 1008; x_wconf 76' lang='grc' dir='ltr'><strong><em>δὲ</em></strong></span> <span class='ocrx_word' id='word_1_69' title='bbox 611 950 692 1008; x_wconf 85' lang='grc' dir='ltr'><strong><em>ἐπ’</em></strong></span> <span class='ocrx_word' id='word_1_70' title='bbox 730 950 956 1018; x_wconf 80' lang='grc' dir='ltr'><strong><em>εὐθείας</em></strong></span> <span class='ocrx_word' id='word_1_71' title='bbox 996 950 1135 1025; x_wconf 81' lang='grc' dir='ltr'><strong><em>αὐτῇ</em></strong></span> <span class='ocrx_word' id='word_1_72' title='bbox 1176 951 1344 1017; x_wconf 87' lang='grc' dir='ltr'><strong><em>ἐκτός.</em></strong></span> 
     </span>
    </p>

    <p class='ocr_par' dir='ltr' id='par_1_8' title="bbox 115 1035 1950 1472">
     <span class='ocr_line' id='line_1_11' title="bbox 115 1035 1899 1113; baseline -0.003 -13"><span class='ocrx_word' id='word_1_73' title='bbox 115 1063 170 1101; x_wconf 91' lang='grc'><strong><em>10</em></strong></span> <span class='ocrx_word' id='word_1_74' title='bbox 315 1046 453 1098; x_wconf 81' lang='grc' dir='ltr'><strong><em>ἔστω</em></strong></span> <span class='ocrx_word' id='word_1_75' title='bbox 493 1046 690 1112; x_wconf 89' lang='grc' dir='ltr'><strong><em>κῶνος,</em></strong></span> <span class='ocrx_word' id='word_1_76' title='bbox 732 1035 800 1097; x_wconf 81' lang='grc' dir='ltr'><strong><em>οὗ</em></strong></span> <span class='ocrx_word' id='word_1_77' title='bbox 840 1040 1062 1113; x_wconf 79' lang='grc' dir='ltr'><strong><em>κορυφὴ</em></strong></span> <span class='ocrx_word' id='word_1_78' title='bbox 1104 1041 1206 1112; x_wconf 76' lang='grc' dir='ltr'><strong><em>μὲν</em></strong></span> <span class='ocrx_word' id='word_1_79' title='bbox 1245 1039 1307 1096; x_wconf 87' lang='grc' dir='ltr'><strong><em>τὸ</em></strong></span> <span class='ocrx_word' id='word_1_80' title='bbox 1350 1048 1403 1096; x_wconf 92' lang='lat' dir='ltr'><em>A</em></span> <span class='ocrx_word' id='word_1_81' title='bbox 1441 1052 1698 1112; x_wconf 84' lang='grc' dir='ltr'><strong><em>σημεῖον,</em></strong></span> <span class='ocrx_word' id='word_1_82' title='bbox 1737 1039 1899 1112; x_wconf 80' lang='grc' dir='ltr'><strong><em>βάσις</em></strong></span> 
     </span>
     <span class='ocr_line' id='line_1_12' title="bbox 204 1128 1898 1205; baseline 0 -19"><span class='ocrx_word' id='word_1_83' title='bbox 204 1131 265 1187; x_wconf 77' lang='grc' dir='ltr'><strong><em>δὲ</em></strong></span> <span class='ocrx_word' id='word_1_84' title='bbox 291 1129 321 1188; x_wconf 84' lang='grc' dir='ltr'>ὁ</span> <span class='ocrx_word' id='word_1_85' title='bbox 347 1137 459 1187; x_wconf 92' lang='grc' dir='ltr'><strong><em>ΒΓ</em></strong></span> <span class='ocrx_word' id='word_1_86' title='bbox 483 1131 702 1202; x_wconf 77' lang='grc' dir='ltr'><strong><em>κύκλος,</em></strong></span> <span class='ocrx_word' id='word_1_87' title='bbox 734 1131 826 1186; x_wconf 83' lang='grc' dir='ltr'><strong><em>καὶ</em></strong></span> <span class='ocrx_word' id='word_1_88' title='bbox 850 1131 1145 1202; x_wconf 79' lang='grc' dir='ltr'><strong><em>τετμήσθω</em></strong></span> <span class='ocrx_word' id='word_1_89' title='bbox 1174 1132 1410 1205; x_wconf 75' lang='grc' dir='ltr'><strong><em>ἐπιπέδῳ</em></strong></span> <span class='ocrx_word' id='word_1_90' title='bbox 1437 1128 1531 1186; x_wconf 81' lang='grc' dir='ltr'><strong><em>διὰ</em></strong></span> <span class='ocrx_word' id='word_1_91' title='bbox 1553 1139 1656 1186; x_wconf 84' lang='grc' dir='ltr'><strong><em>τοῦ</em></strong></span> <span class='ocrx_word' id='word_1_92' title='bbox 1680 1128 1898 1200; x_wconf 71' lang='grc' dir='ltr'><strong><em>ἄξονος,</em></strong></span> 
     </span>
     <span class='ocr_line' id='line_1_13' title="bbox 201 1216 1950 1294; baseline -0.002 -18"><span class='ocrx_word' id='word_1_93' title='bbox 201 1221 292 1276; x_wconf 90' lang='grc' dir='ltr'><strong><em>καὶ</em></strong></span> <span class='ocrx_word' id='word_1_94' title='bbox 332 1224 557 1276; x_wconf 87' lang='grc' dir='ltr'><strong><em>ποιείτω</em></strong></span> <span class='ocrx_word' id='word_1_95' title='bbox 596 1219 774 1292; x_wconf 86' lang='grc' dir='ltr'><strong><em>τομὴν</em></strong></span> <span class='ocrx_word' id='word_1_96' title='bbox 813 1219 875 1276; x_wconf 86' lang='grc' dir='ltr'><strong><em>τὸ</em></strong></span> <span class='ocrx_word' id='word_1_97' title='bbox 921 1225 1092 1276; x_wconf 90' lang='grc' dir='ltr'><strong><em>ΑΒΓ</em></strong></span> <span class='ocrx_word' id='word_1_98' title='bbox 1122 1224 1414 1291; x_wconf 91' lang='grc' dir='ltr'><strong><em>τρίγωνον.</em></strong></span> <span class='ocrx_word' id='word_1_99' title='bbox 1490 1218 1785 1294; x_wconf 76' lang='grc' dir='ltr'><strong><em>τετμήσθω</em></strong></span> <span class='ocrx_word' id='word_1_100' title='bbox 1828 1216 1897 1290; x_wconf 79' lang='grc' dir='ltr'><strong><em>δὴ</em></strong></span> <span class='ocrx_word' id='word_1_101' title='bbox 1948 1241 1950 1243; x_wconf 64' lang='grc'><strong><em>’</em></strong></span> 
     </span>
     <span class='ocr_line' id='line_1_14' title="bbox 202 1305 1898 1385; baseline -0.001 -21"><span class='ocrx_word' id='word_1_102' title='bbox 202 1310 293 1364; x_wconf 88' lang='grc' dir='ltr'><strong><em>καὶ</em></strong></span> <span class='ocrx_word' id='word_1_103' title='bbox 327 1310 493 1385; x_wconf 81' lang='grc' dir='ltr'><strong><em>ἑτέρῳ</em></strong></span> <span class='ocrx_word' id='word_1_104' title='bbox 528 1309 787 1383; x_wconf 89' lang='grc' dir='ltr'><strong><em>ἐπιπέδῳ,</em></strong></span> <span class='ocrx_word' id='word_1_105' title='bbox 819 1308 911 1363; x_wconf 88' lang='grc' dir='ltr'><strong><em>καὶ</em></strong></span> <span class='ocrx_word' id='word_1_106' title='bbox 937 1313 1158 1364; x_wconf 89' lang='grc' dir='ltr'><strong><em>ποιείτω</em></strong></span> <span class='ocrx_word' id='word_1_107' title='bbox 1183 1307 1360 1379; x_wconf 87' lang='grc' dir='ltr'><strong><em>τομὴν</em></strong></span> <span class='ocrx_word' id='word_1_108' title='bbox 1392 1309 1452 1363; x_wconf 91' lang='grc' dir='ltr'><strong><em>ἐν</em></strong></span> <span class='ocrx_word' id='word_1_109' title='bbox 1484 1310 1551 1380; x_wconf 80' lang='grc' dir='ltr'><strong><em>τῇ</em></strong></span> <span class='ocrx_word' id='word_1_110' title='bbox 1582 1309 1683 1363; x_wconf 84' lang='grc' dir='ltr'><strong><em>τοῦ</em></strong></span> <span class='ocrx_word' id='word_1_111' title='bbox 1710 1305 1898 1363; x_wconf 91' lang='grc' dir='ltr'><strong><em>κώνου</em></strong></span> 
     </span>
     <span class='ocr_line' id='line_1_15' title="bbox 203 1395 1899 1472; baseline -0.002 -18"><span class='ocrx_word' id='word_1_112' title='bbox 203 1401 498 1472; x_wconf 79' lang='grc' dir='ltr'><strong><em>ἐπιφανείᾳ</em></strong></span> <span class='ocrx_word' id='word_1_113' title='bbox 545 1397 648 1469; x_wconf 84' lang='grc' dir='ltr'><strong><em>τὴν</em></strong></span> <span class='ocrx_word' id='word_1_114' title='bbox 690 1403 856 1454; x_wconf 90' lang='grc' dir='ltr'><strong><em>ΔΕΖ</em></strong></span> <span class='ocrx_word' id='word_1_115' title='bbox 905 1397 1193 1470; x_wconf 88' lang='grc' dir='ltr'><strong><em>γραμμήν,</em></strong></span> <span class='ocrx_word' id='word_1_116' title='bbox 1239 1397 1331 1451; x_wconf 86' lang='grc' dir='ltr'><strong><em>καὶ</em></strong></span> <span class='ocrx_word' id='word_1_117' title='bbox 1380 1395 1635 1468; x_wconf 79' lang='grc' dir='ltr'><strong><em>εἰλήφθω</em></strong></span> <span class='ocrx_word' id='word_1_118' title='bbox 1676 1396 1762 1451; x_wconf 86' lang='grc' dir='ltr'><strong><em>ἐπὶ</em></strong></span> <span class='ocrx_word' id='word_1_119' title='bbox 1801 1398 1899 1467; x_wconf 83' lang='grc' dir='ltr'><strong><em>τῆς</em></strong></span> 
     </span>
    </p>

    <p class='ocr_par' dir='ltr' id='par_1_9' title="bbox 115 1483 1979 1739">
     <span class='ocr_line' id='line_1_16' title="bbox 115 1483 1897 1559; baseline -0.003 -13"><span class='ocrx_word' id='word_1_120' title='bbox 115 1509 169 1548; x_wconf 83' lang='lat'><strong><em>15</em></strong></span> <span class='ocrx_word' id='word_1_121' title='bbox 203 1494 371 1543; x_wconf 85' lang='lat' dir='ltr'><strong><em>AEZ</em></strong></span> <span class='ocrx_word' id='word_1_122' title='bbox 414 1487 517 1543; x_wconf 90' lang='grc' dir='ltr'><strong><em>δύο</em></strong></span> <span class='ocrx_word' id='word_1_123' title='bbox 559 1499 758 1559; x_wconf 85' lang='grc' dir='ltr'><strong><em>σημεῖα</em></strong></span> <span class='ocrx_word' id='word_1_124' title='bbox 797 1486 863 1542; x_wconf 80' lang='grc' dir='ltr'><strong><em>τὰ</em></strong></span> <span class='ocrx_word' id='word_1_125' title='bbox 905 1493 980 1557; x_wconf 87' lang='grc' dir='ltr'><strong><em>Η,</em></strong></span> <span class='ocrx_word' id='word_1_126' title='bbox 1014 1493 1073 1542; x_wconf 94' lang='grc' dir='ltr'><strong><em>Θ.</em></strong></span> <span class='ocrx_word' id='word_1_127' title='bbox 1151 1488 1318 1558; x_wconf 86' lang='grc' dir='ltr'><strong><em>λέγω,</em></strong></span> <span class='ocrx_word' id='word_1_128' title='bbox 1367 1484 1451 1542; x_wconf 81' lang='grc' dir='ltr'><strong><em>ὅτι</em></strong></span> <span class='ocrx_word' id='word_1_129' title='bbox 1490 1483 1518 1541; x_wconf 64' lang='lat' dir='ltr'><strong><em>‘r‘</em></strong></span> <span class='ocrx_word' id='word_1_130' title='bbox 1563 1485 1665 1558; x_wconf 76' lang='grc' dir='ltr'><strong><em>μὲν</em></strong></span> <span class='ocrx_word' id='word_1_131' title='bbox 1706 1485 1792 1540; x_wconf 85' lang='grc' dir='ltr'><strong><em>ἐπὶ</em></strong></span> <span class='ocrx_word' id='word_1_132' title='bbox 1830 1483 1897 1541; x_wconf 80' lang='grc' dir='ltr'><strong><em>τὰ</em></strong></span> 
     </span>
     <span class='ocr_line' id='line_1_17' title="bbox 202 1574 1979 1653; baseline -0.002 -21"><span class='ocrx_word' id='word_1_133' title='bbox 202 1583 261 1632; x_wconf 88' lang='grc' dir='ltr'><strong><em>Η</em></strong></span> <span class='ocrx_word' id='word_1_134' title='bbox 270 1621 295 1648; x_wconf 47' lang='grc'><strong><em>,,</em></strong></span> <span class='ocrx_word' id='word_1_135' title='bbox 320 1583 367 1632; x_wconf 98' lang='grc' dir='ltr'>Θ</span> <span class='ocrx_word' id='word_1_136' title='bbox 411 1577 840 1648; x_wconf 76' lang='grc' dir='ltr'><strong><em>ἐπιζευγνυμένη</em></strong></span> <span class='ocrx_word' id='word_1_137' title='bbox 882 1576 1080 1632; x_wconf 80' lang='grc' dir='ltr'><strong><em>εὐθεῖα</em></strong></span> <span class='ocrx_word' id='word_1_138' title='bbox 1121 1574 1275 1642; x_wconf 87' lang='grc' dir='ltr'><strong><em>ἐντὸς</em></strong></span> <span class='ocrx_word' id='word_1_139' title='bbox 1312 1586 1556 1631; x_wconf 83' lang='grc' dir='ltr'><strong><em>πεσεῖται</em></strong></span> <span class='ocrx_word' id='word_1_140' title='bbox 1593 1582 1690 1645; x_wconf 84' lang='grc' dir='ltr'><strong><em>τῆς</em></strong></span> <span class='ocrx_word' id='word_1_141' title='bbox 1730 1579 1897 1629; x_wconf 88' lang='grc' dir='ltr'><strong><em>ΔΕΖ</em></strong></span> <span class='ocrx_word' id='word_1_142' title='bbox 1978 1649 1979 1653; x_wconf 11' lang='lat'>¹</span> 
     </span>
     <span class='ocr_line' id='line_1_18' title="bbox 201 1663 1423 1739; baseline -0.002 -18"><span class='ocrx_word' id='word_1_143' title='bbox 201 1670 474 1739; x_wconf 76' lang='grc' dir='ltr'><strong><em>γραμμῆς,</em></strong></span> <span class='ocrx_word' id='word_1_144' title='bbox 513 1666 546 1738; x_wconf 80' lang='grc' dir='ltr'>ἡ</span> <span class='ocrx_word' id='word_1_145' title='bbox 590 1665 650 1721; x_wconf 75' lang='grc' dir='ltr'><strong><em>δὲ</em></strong></span> <span class='ocrx_word' id='word_1_146' title='bbox 692 1664 777 1722; x_wconf 86' lang='grc' dir='ltr'><strong><em>ἐπ’</em></strong></span> <span class='ocrx_word' id='word_1_147' title='bbox 811 1664 1036 1731; x_wconf 83' lang='grc' dir='ltr'><strong><em>εὐθείας</em></strong></span> <span class='ocrx_word' id='word_1_148' title='bbox 1075 1664 1214 1738; x_wconf 82' lang='grc' dir='ltr'><strong><em>αὐτῇ</em></strong></span> <span class='ocrx_word' id='word_1_149' title='bbox 1257 1663 1423 1730; x_wconf 85' lang='grc' dir='ltr'><strong><em>ἐκτός.</em></strong></span> 
     </span>
    </p>

    <p class='ocr_par' dir='ltr' id='par_1_10' title="bbox 201 1747 1951 1916">
     <span class='ocr_line' id='line_1_19' title="bbox 317 1747 1898 1827; baseline -0.002 -17"><span class='ocrx_word' id='word_1_150' title='bbox 317 1756 434 1810; x_wconf 83' lang='grc' dir='ltr'><strong><em>ἐπεὶ</em></strong></span> <span class='ocrx_word' id='word_1_151' title='bbox 482 1755 590 1827; x_wconf 84' lang='grc' dir='ltr'><strong><em>γὰρ</em></strong></span> <span class='ocrx_word' id='word_1_152' title='bbox 645 1758 849 1826; x_wconf 88' lang='grc' dir='ltr'><strong><em>κῶνος,</em></strong></span> <span class='ocrx_word' id='word_1_153' title='bbox 907 1747 976 1810; x_wconf 77' lang='grc' dir='ltr'><strong><em>οὗ</em></strong></span> <span class='ocrx_word' id='word_1_154' title='bbox 1022 1752 1242 1826; x_wconf 85' lang='grc' dir='ltr'><strong><em>κορυφὴ</em></strong></span> <span class='ocrx_word' id='word_1_155' title='bbox 1291 1753 1394 1825; x_wconf 76' lang='grc' dir='ltr'><strong><em>μὲν</em></strong></span> <span class='ocrx_word' id='word_1_156' title='bbox 1437 1750 1499 1808; x_wconf 87' lang='grc' dir='ltr'><strong><em>τὸ</em></strong></span> <span class='ocrx_word' id='word_1_157' title='bbox 1549 1760 1600 1807; x_wconf 94' lang='grc' dir='ltr'><em>Α</em></span> <span class='ocrx_word' id='word_1_158' title='bbox 1647 1763 1898 1822; x_wconf 81' lang='grc' dir='ltr'><strong><em>σημεῖον,</em></strong></span> 
     </span>
     <span class='ocr_line' id='line_1_20' title="bbox 201 1834 1951 1916; baseline 0 -17"><span class='ocrx_word' id='word_1_159' title='bbox 201 1843 364 1914; x_wconf 77' lang='grc' dir='ltr'><strong><em>βάσις</em></strong></span> <span class='ocrx_word' id='word_1_160' title='bbox 390 1843 452 1899; x_wconf 74' lang='grc' dir='ltr'><strong><em>δὲ</em></strong></span> <span class='ocrx_word' id='word_1_161' title='bbox 479 1841 508 1899; x_wconf 82' lang='grc' dir='ltr'>ὁ</span> <span class='ocrx_word' id='word_1_162' title='bbox 528 1849 639 1899; x_wconf 91' lang='grc' dir='ltr'><strong><em>ΒΓ</em></strong></span> <span class='ocrx_word' id='word_1_163' title='bbox 661 1843 879 1914; x_wconf 86' lang='grc' dir='ltr'><strong><em>κύκλος,</em></strong></span> <span class='ocrx_word' id='word_1_164' title='bbox 904 1845 1159 1915; x_wconf 83' lang='grc' dir='ltr'><strong><em>τέτμηται</em></strong></span> <span class='ocrx_word' id='word_1_165' title='bbox 1185 1844 1423 1916; x_wconf 79' lang='grc' dir='ltr'><strong><em>ἐπιπέδῳ</em></strong></span> <span class='ocrx_word' id='word_1_166' title='bbox 1451 1841 1543 1896; x_wconf 85' lang='grc' dir='ltr'><strong><em>διὰ</em></strong></span> <span class='ocrx_word' id='word_1_167' title='bbox 1560 1843 1662 1896; x_wconf 85' lang='grc' dir='ltr'><strong><em>τοῦ</em></strong></span> <span class='ocrx_word' id='word_1_168' title='bbox 1679 1839 1896 1910; x_wconf 74' lang='grc' dir='ltr'><strong><em>ἄξονος,</em></strong></span> <span class='ocrx_word' id='word_1_169' title='bbox 1946 1834 1951 1899; x_wconf 10' lang='grc' dir='ltr'><strong><em>’γ</em></strong></span> 
     </span>
    </p>

    <p class='ocr_par' dir='ltr' id='par_1_11' title="bbox 116 1928 1967 2364">
     <span class='ocr_line' id='line_1_21' title="bbox 116 1928 1895 2005; baseline -0.003 -16"><span class='ocrx_word' id='word_1_170' title='bbox 116 1953 174 1994; x_wconf 76' lang='lat'><strong><em>20</em></strong></span> <span class='ocrx_word' id='word_1_171' title='bbox 207 1939 458 2004; x_wconf 73' lang='grc' dir='ltr'><strong><em>εἴληπται</em></strong></span> <span class='ocrx_word' id='word_1_172' title='bbox 499 1934 565 1988; x_wconf 91' lang='grc' dir='ltr'><strong><em>δέ</em></strong></span> <span class='ocrx_word' id='word_1_173' title='bbox 599 1955 723 1988; x_wconf 88' lang='grc' dir='ltr'><strong><em>τινα</em></strong></span> <span class='ocrx_word' id='word_1_174' title='bbox 764 1944 962 2005; x_wconf 80' lang='grc' dir='ltr'><strong><em>σημεῖα</em></strong></span> <span class='ocrx_word' id='word_1_175' title='bbox 1004 1932 1090 1988; x_wconf 88' lang='grc' dir='ltr'><strong><em>ἐπὶ</em></strong></span> <span class='ocrx_word' id='word_1_176' title='bbox 1129 1934 1224 2002; x_wconf 83' lang='grc' dir='ltr'><strong><em>τῆς</em></strong></span> <span class='ocrx_word' id='word_1_177' title='bbox 1264 1933 1590 2003; x_wconf 87' lang='grc' dir='ltr'><strong><em>ἐπιφανείας</em></strong></span> <span class='ocrx_word' id='word_1_178' title='bbox 1621 1929 1797 1986; x_wconf 84' lang='grc' dir='ltr'><strong><em>αὐτοῦ</em></strong></span> <span class='ocrx_word' id='word_1_179' title='bbox 1827 1928 1895 1985; x_wconf 81' lang='grc' dir='ltr'><strong><em>τὰ</em></strong></span> 
     </span>
     <span class='ocr_line' id='line_1_22' title="bbox 203 2017 1897 2093; baseline -0.001 -16"><span class='ocrx_word' id='word_1_180' title='bbox 203 2028 277 2092; x_wconf 91' lang='grc' dir='ltr'><strong><em>Η,</em></strong></span> <span class='ocrx_word' id='word_1_181' title='bbox 303 2028 366 2092; x_wconf 88' lang='grc' dir='ltr'><strong><em>Θ,</em></strong></span> <span class='ocrx_word' id='word_1_182' title='bbox 407 2018 441 2077; x_wconf 76' lang='grc' dir='ltr'><em>ἃ</em></span> <span class='ocrx_word' id='word_1_183' title='bbox 476 2021 551 2093; x_wconf 84' lang='grc' dir='ltr'><strong><em>μή</em></strong></span> <span class='ocrx_word' id='word_1_184' title='bbox 591 2021 743 2078; x_wconf 81' lang='grc' dir='ltr'><strong><em>εστιν</em></strong></span> <span class='ocrx_word' id='word_1_185' title='bbox 786 2022 871 2078; x_wconf 85' lang='grc' dir='ltr'><strong><em>ἐπὶ</em></strong></span> <span class='ocrx_word' id='word_1_186' title='bbox 909 2024 1006 2093; x_wconf 84' lang='grc' dir='ltr'><strong><em>τῆς</em></strong></span> <span class='ocrx_word' id='word_1_187' title='bbox 1035 2027 1275 2091; x_wconf 82' lang='grc' dir='ltr'><strong><em>πλευρᾶς</em></strong></span> <span class='ocrx_word' id='word_1_188' title='bbox 1305 2028 1408 2075; x_wconf 85' lang='grc' dir='ltr'><strong><em>τοῦ</em></strong></span> <span class='ocrx_word' id='word_1_189' title='bbox 1440 2017 1532 2075; x_wconf 81' lang='grc' dir='ltr'><strong><em>διὰ</em></strong></span> <span class='ocrx_word' id='word_1_190' title='bbox 1563 2022 1664 2074; x_wconf 87' lang='grc' dir='ltr'><strong><em>τοῦ</em></strong></span> <span class='ocrx_word' id='word_1_191' title='bbox 1697 2017 1897 2088; x_wconf 76' lang='grc' dir='ltr'><strong><em>ἄξονος</em></strong></span> 
     </span>
     <span class='ocr_line' id='line_1_23' title="bbox 201 2107 1895 2182; baseline -0.001 -17"><span class='ocrx_word' id='word_1_192' title='bbox 201 2112 507 2182; x_wconf 76' lang='grc' dir='ltr'><strong><em>τριγώνου,</em></strong></span> <span class='ocrx_word' id='word_1_193' title='bbox 556 2111 647 2165; x_wconf 84' lang='grc' dir='ltr'><strong><em>καὶ</em></strong></span> <span class='ocrx_word' id='word_1_194' title='bbox 687 2109 720 2182; x_wconf 81' lang='grc' dir='ltr'><em>ἡ</em></span> <span class='ocrx_word' id='word_1_195' title='bbox 761 2108 868 2166; x_wconf 78' lang='grc' dir='ltr'><strong><em>ἀπὸ</em></strong></span> <span class='ocrx_word' id='word_1_196' title='bbox 910 2114 1012 2166; x_wconf 78' lang='grc' dir='ltr'><strong><em>τοῦ</em></strong></span> <span class='ocrx_word' id='word_1_197' title='bbox 1051 2115 1115 2164; x_wconf 92' lang='grc' dir='ltr'><strong><em>Η</em></strong></span> <span class='ocrx_word' id='word_1_198' title='bbox 1150 2110 1235 2165; x_wconf 86' lang='grc' dir='ltr'><strong><em>ἐπὶ</em></strong></span> <span class='ocrx_word' id='word_1_199' title='bbox 1275 2107 1336 2163; x_wconf 82' lang='grc' dir='ltr'><strong><em>τὸ</em></strong></span> <span class='ocrx_word' id='word_1_200' title='bbox 1377 2115 1424 2164; x_wconf 94' lang='grc' dir='ltr'>Θ</span> <span class='ocrx_word' id='word_1_201' title='bbox 1464 2109 1895 2180; x_wconf 82' lang='grc' dir='ltr'><strong><em>ἐπιζευγνυμένη</em></strong></span> 
     </span>
     <span class='ocr_line' id='line_1_24' title="bbox 202 2196 1895 2272; baseline -0.002 -17"><span class='ocrx_word' id='word_1_202' title='bbox 202 2198 398 2255; x_wconf 81' lang='grc' dir='ltr'><strong><em>εὐθεῖα</em></strong></span> <span class='ocrx_word' id='word_1_203' title='bbox 447 2197 520 2271; x_wconf 85' lang='grc' dir='ltr'><strong><em>μὴ</em></strong></span> <span class='ocrx_word' id='word_1_204' title='bbox 569 2199 705 2272; x_wconf 80' lang='grc' dir='ltr'><strong><em>νεύῃ</em></strong></span> <span class='ocrx_word' id='word_1_205' title='bbox 756 2200 842 2255; x_wconf 79' lang='grc' dir='ltr'><strong><em>ἐπὶ</em></strong></span> <span class='ocrx_word' id='word_1_206' title='bbox 889 2198 951 2255; x_wconf 89' lang='grc' dir='ltr'><strong><em>τὸ</em></strong></span> <span class='ocrx_word' id='word_1_207' title='bbox 994 2207 1071 2268; x_wconf 90' lang='grc' dir='ltr'><strong><em>Α,</em></strong></span> <span class='ocrx_word' id='word_1_208' title='bbox 1125 2196 1158 2270; x_wconf 83' lang='grc' dir='ltr'>ἡ</span> <span class='ocrx_word' id='word_1_209' title='bbox 1208 2197 1316 2268; x_wconf 72' lang='grc' dir='ltr'><strong><em>ἄρα</em></strong></span> <span class='ocrx_word' id='word_1_210' title='bbox 1356 2199 1440 2253; x_wconf 86' lang='grc' dir='ltr'><strong><em>ἐπὶ</em></strong></span> <span class='ocrx_word' id='word_1_211' title='bbox 1478 2196 1544 2253; x_wconf 79' lang='grc' dir='ltr'><strong><em>τὰ</em></strong></span> <span class='ocrx_word' id='word_1_212' title='bbox 1584 2203 1666 2267; x_wconf 91' lang='grc' dir='ltr'><strong><em>Η,</em></strong></span> <span class='ocrx_word' id='word_1_213' title='bbox 1697 2203 1744 2253; x_wconf 95' lang='grc' dir='ltr'>Θ</span> <span class='ocrx_word' id='word_1_214' title='bbox 1784 2199 1895 2253; x_wconf 86' lang='grc' dir='ltr'><strong><em>ἐπι-</em></strong></span> 
     </span>
     <span class='ocr_line' id='line_1_25' title="bbox 204 2280 1967 2364; baseline -0.002 -19"><span class='ocrx_word' id='word_1_215' title='bbox 204 2292 541 2361; x_wconf 82' lang='grc' dir='ltr'><strong><em>ζευγνυμένη</em></strong></span> <span class='ocrx_word' id='word_1_216' title='bbox 579 2280 957 2354; x_wconf 77' lang='grc' dir='ltr'><strong><em>εὐθεῖαέντὸς</em></strong></span> <span class='ocrx_word' id='word_1_217' title='bbox 989 2299 1232 2344; x_wconf 81' lang='grc' dir='ltr'><strong><em>πεσεῖται</em></strong></span> <span class='ocrx_word' id='word_1_218' title='bbox 1263 2291 1365 2343; x_wconf 84' lang='grc' dir='ltr'><strong><em>τοῦ</em></strong></span> <span class='ocrx_word' id='word_1_219' title='bbox 1396 2286 1585 2343; x_wconf 89' lang='grc' dir='ltr'><strong><em>κώνου</em></strong></span> <span class='ocrx_word' id='word_1_220' title='bbox 1614 2287 1706 2342; x_wconf 88' lang='grc' dir='ltr'><strong><em>καὶ</em></strong></span> <span class='ocrx_word' id='word_1_221' title='bbox 1737 2285 1772 2357; x_wconf 84' lang='grc' dir='ltr'><em>ἡ</em></span> <span class='ocrx_word' id='word_1_222' title='bbox 1807 2283 1891 2342; x_wconf 83' lang='grc' dir='ltr'><strong><em>ἐπ’</em></strong></span> <span class='ocrx_word' id='word_1_223' title='bbox 1944 2323 1967 2364; x_wconf 68' lang='lat'><strong><em>,¹</em></strong></span> 
     </span>
    </p>

    <p class='ocr_par' dir='ltr' id='par_1_12' title="bbox 113 2375 1672 2452">
     <span class='ocr_line' id='line_1_26' title="bbox 113 2375 1672 2452; baseline -0.002 -19"><span class='ocrx_word' id='word_1_224' title='bbox 113 2398 169 2438; x_wconf 79' lang='lat'><strong><em>25</em></strong></span> <span class='ocrx_word' id='word_1_225' title='bbox 203 2378 398 2452; x_wconf 77' lang='grc' dir='ltr'><strong><em>εὐθείᾳ</em></strong></span> <span class='ocrx_word' id='word_1_226' title='bbox 438 2376 578 2450; x_wconf 83' lang='grc' dir='ltr'><strong><em>αὐτῇ</em></strong></span> <span class='ocrx_word' id='word_1_227' title='bbox 620 2377 796 2443; x_wconf 84' lang='grc' dir='ltr'><strong><em>ἐκτός·</em></strong></span> <span class='ocrx_word' id='word_1_228' title='bbox 839 2375 978 2433; x_wconf 86' lang='grc' dir='ltr'><strong><em>ῶστε</em></strong></span> <span class='ocrx_word' id='word_1_229' title='bbox 1016 2378 1105 2432; x_wconf 87' lang='grc' dir='ltr'><strong><em>καὶ</em></strong></span> <span class='ocrx_word' id='word_1_230' title='bbox 1146 2380 1243 2448; x_wconf 87' lang='grc' dir='ltr'><strong><em>τῆς</em></strong></span> <span class='ocrx_word' id='word_1_231' title='bbox 1282 2384 1337 2431; x_wconf 88' lang='grc' dir='ltr'><em>Δ</em></span> <span class='ocrx_word' id='word_1_232' title='bbox 1349 2382 1454 2431; x_wconf 90' lang='grc' dir='ltr'><strong><em>ΖΕ</em></strong></span> <span class='ocrx_word' id='word_1_233' title='bbox 1489 2378 1672 2446; x_wconf 83' lang='grc' dir='ltr'><strong><em>τομῆς.</em></strong></span> 
     </span>
    </p>
   </div>
   <div class='ocr_carea' id='block_1_4' title="bbox 204 2525 1960 2781">
    <p class='ocr_par' dir='ltr' id='par_1_13' title="bbox 204 2525 1960 2777">
     <span class='ocr_line' id='line_1_27' title="bbox 1001 2525 1960 2598; baseline -0.001 -19"><span class='ocrx_word' id='word_1_234' title='bbox 1001 2525 1093 2580; x_wconf 86' lang='grc' dir='ltr'><strong><em>ια’.</em></strong></span> <span class='ocrx_word' id='word_1_235' title='bbox 1953 2589 1960 2598; x_wconf 32' lang='lat'><strong><em>..</em></strong></span> 
     </span>
     <span class='ocr_line' id='line_1_28' title="bbox 310 2612 1893 2689; baseline -0.003 -18"><span class='ocrx_word' id='word_1_236' title='bbox 310 2613 441 2671; x_wconf 82' lang='grc' dir='ltr'><strong><em>Ἐὰν</em></strong></span> <span class='ocrx_word' id='word_1_237' title='bbox 481 2619 661 2680; x_wconf 80' lang='grc' dir='ltr'><strong><em>κῶνος</em></strong></span> <span class='ocrx_word' id='word_1_238' title='bbox 700 2616 937 2689; x_wconf 85' lang='grc' dir='ltr'><strong><em>ἐπιπέδῳ</em></strong></span> <span class='ocrx_word' id='word_1_239' title='bbox 971 2617 1158 2686; x_wconf 80' lang='grc' dir='ltr'><strong><em>τμηθῇ</em></strong></span> <span class='ocrx_word' id='word_1_240' title='bbox 1192 2612 1284 2669; x_wconf 80' lang='grc' dir='ltr'><strong><em>διὰ</em></strong></span> <span class='ocrx_word' id='word_1_241' title='bbox 1317 2615 1417 2668; x_wconf 83' lang='grc' dir='ltr'><strong><em>τοῦ</em></strong></span> <span class='ocrx_word' id='word_1_242' title='bbox 1449 2613 1667 2681; x_wconf 75' lang='grc' dir='ltr'><strong><em>ἄξονος,</em></strong></span> <span class='ocrx_word' id='word_1_243' title='bbox 1706 2616 1893 2685; x_wconf 81' lang='grc' dir='ltr'><strong><em>τμηθῇ</em></strong></span> 
     </span>
     <span class='ocr_line' id='line_1_29' title="bbox 204 2702 1894 2781; baseline -0.002 -21"><span class='ocrx_word' id='word_1_244' title='bbox 204 2704 265 2759; x_wconf 78' lang='grc' dir='ltr'><strong><em>δὲ</em></strong></span> <span class='ocrx_word' id='word_1_245' title='bbox 303 2705 395 2759; x_wconf 84' lang='grc' dir='ltr'><strong><em>καὶ</em></strong></span> <span class='ocrx_word' id='word_1_246' title='bbox 437 2705 602 2781; x_wconf 84' lang='grc' dir='ltr'><strong><em>ἑτέρῳ</em></strong></span> <span class='ocrx_word' id='word_1_247' title='bbox 644 2706 881 2778; x_wconf 88' lang='grc' dir='ltr'><strong><em>ἐπιπέδῳ</em></strong></span> <span class='ocrx_word' id='word_1_248' title='bbox 920 2705 1178 2775; x_wconf 86' lang='grc' dir='ltr'><strong><em>τέμνοντι</em></strong></span> <span class='ocrx_word' id='word_1_249' title='bbox 1224 2702 1328 2773; x_wconf 89' lang='grc' dir='ltr'><strong><em>τὴν</em></strong></span> <span class='ocrx_word' id='word_1_250' title='bbox 1368 2702 1535 2772; x_wconf 82' lang='grc' dir='ltr'><strong><em>βάσιν</em></strong></span> <span class='ocrx_word' id='word_1_251' title='bbox 1574 2704 1676 2757; x_wconf 85' lang='grc' dir='ltr'><strong><em>τοῦ</em></strong></span> <span class='ocrx_word' id='word_1_252' title='bbox 1707 2702 1894 2757; x_wconf 90' lang='grc' dir='ltr'><strong><em>κώνου</em></strong></span> 
     </span>
    </p>
   </div>
   <div class='ocr_carea' id='block_1_5' title="bbox 204 2792 559 2799">
    <p class='ocr_par' dir='ltr' id='par_1_14' title="bbox 204 2792 559 2799">
     <span class='ocr_line' id='line_1_30' title="bbox 204 2792 559 2799; baseline 0 379"><span class='ocrx_word' id='word_1_253' title='bbox 204 2792 559 2799; x_wconf 95' lang='lat' dir='ltr'><strong><em> </em></strong></span> 
     </span>
    </p>
   </div>
   <div class='ocr_carea' id='block_1_6' title="bbox 202 2819 1892 2998">
    <p class='ocr_par' dir='ltr' id='par_1_15' title="bbox 202 2819 1892 2998">
     <span class='ocr_line' id='line_1_31' title="bbox 322 2819 1892 2893; baseline -0.002 -26"><span class='ocrx_word' id='word_1_254' title='bbox 322 2827 390 2867; x_wconf 88' lang='lat'><strong><em>15.</em></strong></span> <span class='ocrx_word' id='word_1_255' title='bbox 438 2820 517 2881; x_wconf 77' lang='grc' dir='ltr'><strong><em>τά]</em></strong></span> <span class='ocrx_word' id='word_1_256' title='bbox 552 2824 657 2881; x_wconf 88' lang='lat' dir='ltr'><strong>(pr.)</strong></span> <span class='ocrx_word' id='word_1_257' title='bbox 695 2837 780 2893; x_wconf 83' lang='lat' dir='ltr'><strong><em>cp,</em></strong></span> <span class='ocrx_word' id='word_1_258' title='bbox 823 2835 938 2866; x_wconf 84' lang='lat' dir='ltr'><strong>corr.</strong></span> <span class='ocrx_word' id='word_1_259' title='bbox 972 2836 1026 2866; x_wconf 82' lang='lat' dir='ltr'><strong><em>ex</em></strong></span> <span class='ocrx_word' id='word_1_260' title='bbox 1065 2822 1119 2877; x_wconf 84' lang='grc' dir='ltr'><strong><em>τῆ</em></strong></span> <span class='ocrx_word' id='word_1_261' title='bbox 1159 2836 1218 2867; x_wconf 89' lang='lat' dir='ltr'><strong>m.</strong></span> <span class='ocrx_word' id='word_1_262' title='bbox 1254 2827 1279 2865; x_wconf 84' lang='lat'><strong>2</strong></span> <span class='ocrx_word' id='word_1_263' title='bbox 1312 2820 1368 2865; x_wconf 92' lang='lat' dir='ltr'><strong><em>V.</em></strong></span> <span class='ocrx_word' id='word_1_264' title='bbox 1521 2824 1590 2864; x_wconf 88' lang='lat'><strong><em>16.</em></strong></span> <span class='ocrx_word' id='word_1_265' title='bbox 1633 2819 1802 2878; x_wconf 85' lang='lat' dir='ltr'><em>AEZ]</em></span> <span class='ocrx_word' id='word_1_266' title='bbox 1844 2835 1892 2877; x_wconf 88' lang='lat' dir='ltr'><strong><em>p,</em></strong></span> 
     </span>
     <span class='ocr_line' id='line_1_32' title="bbox 203 2878 1891 2954; baseline -0.001 -30"><span class='ocrx_word' id='word_1_267' title='bbox 203 2885 289 2924; x_wconf 82' lang='lat' dir='ltr'><strong><em>AZ</em></strong></span> <span class='ocrx_word' id='word_1_268' title='bbox 322 2882 377 2925; x_wconf 89' lang='lat' dir='ltr'><strong><em>V.</em></strong></span> <span class='ocrx_word' id='word_1_269' title='bbox 483 2887 553 2928; x_wconf 81' lang='lat'><strong>22.</strong></span> <span class='ocrx_word' id='word_1_270' title='bbox 587 2878 834 2954; x_wconf 78' lang='grc' dir='ltr'><strong><em>τριγώνου]</em></strong></span> <span class='ocrx_word' id='word_1_271' title='bbox 867 2881 949 2925; x_wconf 80' lang='grc' dir='ltr'><strong><em>τοῦ</em></strong></span> <span class='ocrx_word' id='word_1_272' title='bbox 984 2878 1211 2937; x_wconf 81' lang='grc' dir='ltr'><strong><em>τριγώνου</em></strong></span> <span class='ocrx_word' id='word_1_273' title='bbox 1245 2881 1306 2935; x_wconf 73' lang='lat' dir='ltr'><strong><em>V,</em></strong></span> <span class='ocrx_word' id='word_1_274' title='bbox 1341 2893 1454 2924; x_wconf 88' lang='lat' dir='ltr'><strong>corr.</strong></span> <span class='ocrx_word' id='word_1_275' title='bbox 1480 2894 1523 2936; x_wconf 91' lang='lat' dir='ltr'><strong><em>p.</em></strong></span> <span class='ocrx_word' id='word_1_276' title='bbox 1628 2884 1698 2924; x_wconf 82' lang='lat'><strong>23.</strong></span> <span class='ocrx_word' id='word_1_277' title='bbox 1732 2879 1816 2938; x_wconf 86' lang='grc' dir='ltr'><strong><em>μή]</em></strong></span> <span class='ocrx_word' id='word_1_278' title='bbox 1851 2892 1891 2934; x_wconf 83' lang='grc' dir='ltr'><strong><em>ο,</em></strong></span> 
     </span>
     <span class='ocr_line' id='line_1_33' title="bbox 202 2937 867 2998; baseline 0.005 -14"><span class='ocrx_word' id='word_1_279' title='bbox 202 2955 341 2997; x_wconf 83' lang='lat' dir='ltr'><strong>supra</strong></span> <span class='ocrx_word' id='word_1_280' title='bbox 372 2955 458 2985; x_wconf 83' lang='lat' dir='ltr'><strong>sor.</strong></span> <span class='ocrx_word' id='word_1_281' title='bbox 491 2956 552 2986; x_wconf 93' lang='lat' dir='ltr'><strong>m.</strong></span> <span class='ocrx_word' id='word_1_282' title='bbox 585 2947 610 2986; x_wconf 77' lang='lat'>2</span> <span class='ocrx_word' id='word_1_283' title='bbox 645 2943 700 2997; x_wconf 93' lang='lat' dir='ltr'><strong><em>V,</em></strong></span> <span class='ocrx_word' id='word_1_284' title='bbox 733 2937 787 2986; x_wconf 81' lang='grc' dir='ltr'><strong><em>οὐ</em></strong></span> <span class='ocrx_word' id='word_1_285' title='bbox 821 2957 867 2998; x_wconf 88' lang='grc' dir='ltr'><strong><em>Ρ.</em></strong></span> 
     </span>
    </p>
   </div>
   <div class='ocr_carea' id='block_1_7' title="bbox 1937 0 1982 2417">
    <p class='ocr_par' dir='ltr' id='par_1_16' title="bbox 1937 0 1982 2417">
     <span class='ocr_line' id='line_1_34' title="bbox 1937 0 1982 2417; baseline 0 0"><span class='ocrx_word' id='word_1_286' title='bbox 1937 0 1982 2417; x_wconf 95' lang='lat' dir='ltr'><strong><em> </em></strong></span> 
     </span>
    </p>
   </div>
  </div>
 </body>
</html>
