1982 3178
160 77 232 131 58
826 82 1107 126 mmmm
1137 77 1203 128 α’.
1265 80 1269 81 ’
1314 59 1318 63 ’

159 202 279 253 AT
325 195 464 268 πρὸς
517 203 619 253 ΤΟ
674 195 702 254 ὁ
758 201 860 254 τοῦ
916 197 1024 255 ἀπὸ
1075 206 1192 256 AT
1231 199 1369 274 πρὸς
1407 198 1469 257 τὸ
1512 197 1630 257 ’ὑπὸ
1675 201 1860 264 ΞΤΟ·
1945 199 1954 252 ⁴2.

160 289 313 342 ἔστιν
353 287 464 359 ἄρα
504 284 579 352 ὡς
617 285 679 344 τὸ
721 285 830 344 ἀπὸ
870 295 992 344 ΑΣ
1024 288 1165 362 πρὸς
1202 288 1265 346 τὸ
1306 287 1410 346 ὑπὲ
1458 294 1649 362 ΒΣΓ,
1684 288 1862 357 οὕτως
1947 302 1959 344 2

158 374 221 431 τὸ
264 373 372 432 ἀπὸ
407 383 528 432 AT
557 375 697 448 πρὸς
734 375 796 433 τὸ
839 374 947 434 ὑπὸ
982 380 1156 441 ΞΤΟ.
1225 383 1324 434 καί
1358 377 1508 435 ἐστιν
1548 377 1624 446 ὥς
1661 378 1764 452 μὲν
1795 379 1859 436 τὸ
1929 391 1951 452 ,j

158 462 268 521 ἀπὸ
309 472 429 521 Azy
462 463 602 539 πρὸς
638 464 702 522 τὸ
744 465 852 523 ὑπὸ
895 472 1084 538 ΒΣΓ,
1124 465 1158 539 ἡ
1191 474 1299 524 ΘΕ
1333 468 1473 542 πρὸς
1505 474 1644 539 ΕΠ,
1686 465 1760 534 ὡς
1799 467 1862 524 δὲ

99 573 124 611 5
157 552 220 609 τὸ
262 553 371 610 ἀπὸ
404 560 523 609 AT
551 553 691 626 πρὸς
729 554 791 611 τὸ
831 553 941 611 ὑπὸ
972 558 1157 627 ΞΤΟ,
1197 555 1230 628 ἡ
1265 563 1372 613 ΘΕ
1406 558 1548 630 πρὸς
1578 562 1699 613 ΘΡ·
1767 556 1862 612 καὶ
1942 551 1950 592 ⁴

159 640 234 708 ὡς
278 642 388 716 ἄρα
435 641 469 715 ἡ
515 650 623 699 ΘΕ
658 643 798 716 πρὸς
836 650 975 716 ΕΠ,
1023 643 1056 717 ἡ
1098 651 1204 701 ΕΘ
1242 648 1384 717 πρὸς
1423 653 1536 703 ΘΡ.
1615 653 1709 718 ἴση
1749 645 1860 720 ἄρα
1945 654 1948 655 ’

159 732 310 788 ἐστὶν
349 727 383 804 ῆ
425 739 547 788 ΕΠ
578 736 644 807 τῇ
687 739 799 789 ΘΡ.

972 838 1056 894 ιε’.

265 939 395 997 Ἐὰν
436 943 497 998 ἐν
540 943 777 1008 ἐλλείψει
810 939 918 998 ἀπὸ
951 946 1049 1013 τῆς
1082 946 1401 1014 διχοτομίας
1430 946 1530 1015 τῆς
1561 945 1863 1018 διαμέτρου

72 1051 127 1090 10
160 1028 399 1103 ἀχθεῖσα
446 1027 643 1086 εὐθεῖα
681 1033 1024 1103 τεταγμένως
1063 1033 1312 1105 ἐκβληθῇ
1355 1031 1443 1104 ἐφ’
1488 1032 1720 1104 ἑκάτερα
1758 1034 1862 1098 ἕως

157 1123 255 1191 τῆς
307 1123 496 1191 τομῆς,
551 1119 643 1175 καὶ
697 1123 910 1193 ποιηθῇ
966 1118 1040 1204 ὡς
1093 1117 1127 1191 ἡ
1186 1122 1523 1191 ἐκβληθεῖσα
1575 1120 1713 1193 πρὸς
1759 1120 1863 1193 τὴν

159 1208 481 1280 διάμετρον,
528 1206 562 1279 ῆ
613 1209 907 1281 διάμετρος
953 1208 1092 1282 πρός
1139 1231 1265 1264 τινα
1312 1210 1575 1281 εὐθεῖαν,
1622 1207 1742 1281 ἥτις
1789 1208 1862 1266 ἂν

159 1295 268 1353 ἀπὸ
307 1301 405 1369 τῆς
442 1300 614 1369 τομῆς
652 1295 802 1370 ἀχθῇ
844 1299 929 1353 ἐπὶ
968 1298 1069 1369 τὴν
1109 1303 1479 1369 ἐκβληθεῖσαν
1511 1298 1864 1371 παράλληλος
1967 1294 1982 1355 f

157 1390 224 1460 τῇ
282 1388 585 1462 διαμέτρῳ,
642 1385 942 1458 δυνήσεται
996 1385 1059 1442 τὸ
1111 1393 1519 1459 παρακείμενον
1564 1386 1712 1461 παρὰ
1757 1385 1860 1459 τὴν
1964 1404 1966 1406 ’

74 1494 129 1533 15
160 1481 354 1549 τρίτην
393 1474 678 1547 ἀνάλογον
716 1475 921 1542 πλάτος
960 1480 1088 1547 ἔχον
1126 1477 1232 1547 τὴν
1263 1474 1360 1532 ὑπ’
1405 1474 1581 1548 αὐτῆς
1618 1474 1862 1548 ἀπολαμ-

161 1565 484 1637 βανομένην
525 1566 666 1638 πρὸς
703 1568 770 1637 τῇ
809 1569 950 1636 τομῇ
994 1567 1247 1621 ἐλλεῖπον
1287 1567 1423 1620 εἴδει
1456 1563 1629 1641 ὁμοίῳ
1661 1569 1737 1642 τῷ
1769 1586 1862 1622 πε-

162 1655 465 1729 ριεχομένῳ
512 1651 623 1710 ὑπό
674 1676 732 1709 τε
777 1657 874 1725 τῆς
930 1655 1017 1725 ἐφ’
1059 1650 1133 1725 ἣν
1181 1652 1414 1725 ἄγονται
1461 1654 1554 1734 καὶ
1591 1663 1689 1726 τῆς
1726 1652 1857 1726 παρ’

159 1739 232 1814 ἣν
289 1742 589 1813 δύνανται,
645 1743 736 1797 καὶ
791 1744 1314 1814 προσεκβαλλομένη
1372 1744 1474 1808 ἕως
1515 1726 1622 1799 τοῦ
1671 1743 1863 1815 ἑτέρου

161 1832 364 1904 μέρους
418 1834 512 1902 τῆς
557 1835 727 1902 τομῆς
774 1835 900 1903 δίχα
946 1831 1292 1903 τμηθήσεται
1339 1829 1449 1887 ὑπὸ
1496 1835 1595 1903 τῆς
1644 1828 1735 1903 ἐφ’
1786 1829 1861 1902 ἣν

69 1938 127 1977 20
158 1922 435 1990 κατῆκται.

274 2014 413 2064 ἔστω
455 2013 713 2079 ἔλλειψις,
752 2001 819 2079 ῆς
859 2007 1151 2080 διάμετρος
1190 2007 1223 2080 ἡ
1262 2015 1394 2080 ΑΒ,
1434 2009 1527 2064 καὶ
1566 2008 1859 2081 τετμήσθω

161 2095 196 2169 ἡ
237 2104 345 2153 ΑΒ
388 2101 516 2170 δίχα
555 2096 691 2152 κατὰ
730 2097 793 2153 τὸ
837 2102 891 2153 Γ
922 2109 1171 2169 σημεῖον,
1211 2099 1303 2153 καὶ
1345 2096 1437 2153 διὰ
1477 2102 1579 2154 τοῦ
1614 2103 1668 2154 Γ
1699 2096 1859 2170 ἤχθω

160 2187 505 2258 τεταγμένως
534 2187 627 2241 καὶ
661 2185 1018 2258 ἐκβεβλήσθω
1053 2185 1140 2259 ἐφ’
1180 2186 1407 2259 ἑκάτερα
1438 2188 1541 2252 ἕως
1571 2190 1668 2258 τῆς
1690 2189 1861 2258 τομῆς

162 2274 196 2346 ἡ
238 2280 431 2346 ΔΓΕ,
471 2276 563 2332 καὶ
604 2273 711 2331 ἀπὸ
751 2271 853 2331 τοῦ
885 2283 940 2330 Λ
981 2281 1213 2346 σημείου
1251 2280 1316 2349 τῇ
1352 2283 1469 2332 ΔΕ
1502 2274 1642 2347 πρὸς
1681 2273 1861 2348 ὀρθοὲς

73 2380 131 2420 25
163 2364 323 2438 ἤχθω
355 2363 389 2436 ἡ
425 2370 561 2436 ΔΖ,
600 2364 693 2419 καὶ
725 2369 995 2420 ποιείσθω
1031 2362 1103 2429 ὡς
1134 2362 1167 2435 ἡ
1203 2371 1319 2420 ΔΕ
1347 2364 1486 2434 πρὸς
1517 2371 1652 2434 ΑΒ,
1683 2362 1861 2429 οὕτως

162 2453 197 2526 ἡ
230 2461 339 2510 AB
380 2455 521 2524 πρὸς
557 2454 661 2524 τὴν
695 2460 748 2508 Δ
760 2459 829 2523 Ζ,
869 2453 961 2507 καὶ
1002 2452 1256 2524 εἰλήφθω
1295 2475 1348 2509 τι
1381 2465 1612 2524 σημεῖον
1645 2453 1731 2508 ἐπὶ
1763 2455 1861 2522 τῆς

162 2546 335 2614 τομῆς
372 2543 435 2599 τὸ
467 2548 543 2613 Η,
583 2542 676 2597 καὶ
716 2542 810 2596 διὰ
850 2544 951 2596 τοῦ
982 2546 1048 2595 Η
1078 2545 1143 2614 τῇ
1177 2548 1286 2597 AB
1317 2541 1668 2614 παράλληλος
1697 2539 1857 2612 ῆχθω

285 2769 324 2808 8.
360 2763 447 2837 ιε’]
471 2779 517 2820 p,
544 2777 634 2809 om.
652 2763 708 2820 V,
740 2777 801 2807 m.
820 2767 845 2806 2
870 2778 914 2807 v.
1001 2767 1068 2806 11.
1102 2760 1274 2821 ποιήσῃ
1300 2762 1355 2817 V,
1381 2776 1493 2807 corr.
1513 2761 1697 2831 HaIJey.
1786 2765 1857 2806 19,

166 2821 359 2882 μέρους]
392 2839 559 2879 μετρον
591 2822 648 2878 V,
681 2837 796 2867 corr.
829 2837 860 2878 p
893 2821 941 2865 et
972 2837 1031 2866 m.
1066 2825 1091 2864 2
1125 2837 1167 2866 v.
1314 2826 1384 2867 23.
1419 2817 1470 2865 ἐκ
1506 2820 1744 2879 εβλησθω]
1776 2833 1857 2877 cp,

167 2879 415 2943 ἐκβλήσθω
449 2882 503 2939 V,
538 2896 652 2927 corr.
685 2897 746 2926 m.
779 2895 871 2926 rec.
994 2884 1065 2925 24.
1098 2881 1204 2939 τοῦ]
1238 2897 1283 2938 p,
1319 2894 1407 2925 om.
1489 2916 1498 2925 .

1974 1715 1977 1725 ,
1970 1634 1982 1708 -·<-.¹·
1963 1547 1976 1624 „mnu
1966 1532 1972 1539 ψ
