1982 3178
180 77 286 131 118
842 78 1121 123 ΚῼΝΙΚῼΝ
1151 72 1218 123 α’.

292 195 544 270 φανερὸν
578 195 648 268 δὴ
682 198 742 252 ἐκ
772 199 887 253 τῶν
912 198 1239 269 εἰρημένων,
1271 195 1359 253 ὅτι
1386 193 1421 269 ἡ
1448 202 1553 253 ΕΖ
1577 195 1876 269 ἐφάπτεται

176 290 273 358 τῆς
320 296 518 358 τομῆς,
567 287 669 342 έοὲν
715 309 773 342 τε
813 292 939 342 ἴσον
977 279 1014 360 ᾗ
1053 285 1116 342 τὸ
1159 284 1267 343 ὑπὸ
1308 292 1478 343 ΖΗΘ
1513 290 1590 364 τῷ
1631 284 1739 343 ἀπὸ
1779 289 1879 358 τῆς

177 380 314 446 ΗΓ,
356 377 455 431 ἐάν
494 397 552 442 τε
591 374 764 447 λόγον
798 379 891 449 ἔχῃ
924 373 987 432 τὸ
1019 372 1131 431 ὑπὸ
1164 380 1341 431 ΖΘΗ
1365 373 1503 446 πρὸς
1531 374 1595 432 τὸ
1627 372 1738 431 ἀπὸ
1771 380 1881 430 ΘΕ

177 464 279 521 τὸν
318 466 643 538 εἰρημένον·
721 464 1078 544 δειχθήσεται
1116 463 1224 538 γὰρ
1265 463 1666 538 ἀντιστρόφως.

118 626 145 665 5
974 599 1089 657 λθ’.

285 702 418 759 Ἐὰν
455 702 771 775 ὑπερβολῆς
808 699 843 775 ἢ
884 705 1176 771 ἐλλείψεως
1214 701 1248 776 ἢ
1288 703 1497 760 κύκλου
1527 707 1882 775 περιφερείας

179 793 375 848 εὐθεῖα
429 792 780 860 ἐπιψαύουσα
837 798 1115 867 συμπίπτῃ
1164 797 1230 868 τῇ
1279 794 1578 869 διαμέτρῳ,
1631 791 1724 848 καὶ
1771 790 1878 848 ἀπὸ

177 885 274 953 τῆς
321 879 470 954 ἁφῆς
515 886 767 955 καταχθῇ
817 880 1012 938 εὐθεῖα
1061 882 1149 938 ἐπὶ
1194 880 1298 954 τὴν
1347 881 1647 954 διάμετρον
1691 902 1880 954 τεταγ-

177 972 379 1041 μένως,
425 969 544 1042 ἥτις
583 967 656 1026 ἂν
696 975 891 1045 ληφθῇ
931 980 1043 1028 τῶν
1084 970 1190 1027 δύο
1230 969 1495 1043 εὐθειῶν,
1535 963 1615 1028 ὧν
1655 971 1806 1027 ἐστιν
1843 968 1878 1042 ἡ

91 1085 150 1125 10
182 1058 284 1132 μὲν
316 1059 521 1132 μεταξὺ
550 1063 647 1132 τῆς
676 1062 1023 1132 κατηγμένης
1053 1060 1146 1116 καὶ
1178 1063 1280 1116 τοῦ
1311 1060 1548 1133 κέντρου
1570 1063 1667 1132 τῆς
1688 1063 1879 1132 τομῆς,

177 1147 205 1205 7‘
270 1150 331 1205 δὲ
382 1148 583 1222 μεταξὺ
638 1153 735 1221 τῆς
783 1150 1132 1222 κατηγμένης
1183 1149 1277 1205 καὶ
1331 1153 1429 1222 τῆς
1482 1150 1881 1222 ἐφαπτομένης,

178 1240 284 1306 ε’ξει
329 1238 472 1312 πρὸς
519 1237 694 1311 αυτὴν
733 1237 768 1311 ἡ
808 1240 1121 1311 κατηγμένη
1160 1237 1261 1295 τὸν
1301 1243 1667 1311 συγκείμενον
1705 1237 1879 1310 λόγον

178 1331 238 1383 ἔκ
292 1350 349 1384 τε
401 1332 503 1385 τοῦ
558 1325 626 1385 ὃν
680 1333 790 1401 ἔχει
845 1326 879 1400 ἡ
937 1330 1094 1401 ἑτέρα
1139 1332 1253 1384 τῶν
1301 1328 1404 1385 δύο
1452 1327 1694 1384 εὐθειῶν
1741 1327 1881 1402 πρὸς

175 1416 280 1490 τὴν
312 1418 677 1490 κατηγμένην,
708 1418 800 1473 καὶ
834 1420 893 1474 ἐκ
924 1421 1026 1474 τοῦ
1058 1416 1125 1474 ὃν
1158 1422 1270 1490 ἔχει
1299 1441 1323 1472 ⁷
1365 1426 1468 1474 τοῦ
1493 1419 1680 1484 εἴδους
1705 1416 1879 1486 ὀρθία

91 1531 146 1571 15
177 1505 389 1578 πλευρὰ
426 1505 566 1578 πρὸς
603 1505 706 1579 τὴν
743 1511 997 1578 πλαγίαν.

289 1599 427 1651 ἔστω
483 1593 765 1668 υπερβολὴ
821 1593 854 1669 ἢ
909 1601 1150 1663 ἔλλειψις
1194 1621 1229 1669 η
1279 1597 1490 1653 κύκλου
1535 1595 1878 1668 περιφέρεια,

177 1676 242 1756 ἧς
298 1684 591 1759 διαμετρος
644 1683 678 1757 ἡ
729 1692 862 1757 ΑΒ,
917 1687 1151 1759 κέντρον
1207 1686 1269 1742 δε
1324 1685 1498 1757 αυτῆς
1550 1683 1615 1740 τὸ
1662 1690 1733 1755 Ζ,
1787 1684 1878 1740 καὶ

178 1775 530 1846 ἐφαπτομένη
578 1773 738 1847 η’χθω
786 1784 882 1847 τῆς
926 1779 1098 1847 τομῆς
1145 1773 1177 1848 ἡ
1217 1780 1353 1846 ΓΔ,
1399 1776 1490 1831 καὶ
1537 1773 1879 1846 τεταγμένως

177 1861 439 1934 κατήχθω
486 1861 521 1935 ἡ
571 1869 689 1920 ΓΕ.
767 1866 933 1936 λέγω,
983 1863 1069 1920 ὅτι
1116 1863 1150 1937 ἡ
1198 1869 1308 1920 ΓΕ
1348 1866 1488 1935 πρὸς
1532 1863 1637 1935 τὴν
1684 1862 1879 1934 ἑτέραν

88 1973 147 2014 20
178 1954 290 2006 τῶν
331 1957 459 2022 ΖΕ,
492 1958 607 2007 ΕΔ
650 1953 753 2008 τὸν
800 1957 1168 2025 συγκείμενον
1215 1957 1324 2025 ἔχει
1371 1952 1544 2024 λόγον
1582 1955 1643 2007 ἔκ
1679 1973 1737 2007 τε
1775 1954 1877 2007 τοῦ

179 2035 248 2095 ὃν
288 2043 398 2112 ἔχει
438 2037 471 2112 ἡ
513 2041 684 2113 ὀρθία
715 2042 855 2113 πρὸς
885 2040 989 2113 τὴν
1020 2046 1278 2113 πλαγίαν,
1317 2042 1408 2096 καὶ
1441 2042 1500 2096 ἐκ
1531 2043 1635 2097 τοῦ
1665 2037 1734 2096 ὃν
1768 2045 1877 2112 ἔχει

176 2126 210 2201 ἡ
252 2131 411 2204 ἑτέρα
449 2134 564 2187 τῶν
605 2137 733 2202 ΖΕ,
765 2138 880 2208 ΕΔ
918 2129 1057 2204 πρὸς
1093 2129 1198 2203 τὴν
1237 2136 1356 2187 ΕΓ.

289 2223 426 2275 ἔστω
467 2219 573 2292 γὰρ
615 2226 741 2275 ἴσον
781 2218 841 2275 τὸ
881 2217 991 2276 ὑπὸ
1032 2227 1203 2275 ΖΕΔ
1239 2222 1315 2295 τῷ
1354 2217 1463 2275 ὑπὸ
1496 2223 1624 2290 ΕΓ,
1656 2224 1727 2274 H.
1788 2218 1878 2274 καὶ

178 2310 300 2364 ἐπεί
350 2310 527 2379 ἐστιν,
585 2305 659 2374 ὡς
711 2306 772 2363 τὸ
828 2305 938 2364 ὑπὸ
989 2315 1159 2364 ΖΕΔ
1203 2307 1343 2380 πρὸς
1387 2307 1449 2363 τὸ
1501 2305 1608 2363 ἀπὸ
1657 2311 1786 2377 ΓΕ,
1839 2305 1874 2377 ἡ

89 2418 146 2459 25
178 2401 386 2467 πλαγία
431 2395 571 2468 πρὸς
608 2395 712 2469 τὴν
752 2394 985 2469 ὀρθίαν,
1035 2404 1161 2453 ἴσον
1202 2398 1268 2452 δέ
1304 2398 1418 2452 ἐστι
1455 2394 1520 2451 τὸ
1558 2393 1668 2452 ὑπὸ
1709 2401 1876 2450 ΖΕΔ

176 2489 251 2561 τῷ
292 2485 400 2542 ὑπὸ
440 2491 566 2558 ΓΕ,
597 2491 680 2556 Η,
722 2483 797 2551 ὡς
836 2483 944 2558 ἄρα
984 2484 1045 2542 τὸ
1083 2483 1192 2541 ὑπὸ
1234 2491 1362 2555 ΓΕ,
1393 2490 1458 2539 Η
1488 2482 1626 2556 πρὸς
1662 2482 1726 2540 τὸ
1766 2481 1875 2540 ἀπὸ

178 2580 305 2645 ΓΕ,
359 2574 643 2630 τουτέστιν
697 2573 731 2645 ἡ
778 2579 843 2629 Η
888 2572 1027 2646 πρὸς
1073 2579 1201 2645 ΕΓ,
1256 2571 1290 2646 ἡ
1336 2578 1542 2644 πλαγία
1587 2571 1727 2642 πρὸς
1771 2569 1876 2643 τὴν

298 2699 340 2737 3.
374 2693 538 2752 ΖΘΗ]
573 2694 710 2737 ΖΗΘ
733 2692 797 2747 V3
824 2706 938 2736 corr.
955 2692 1151 2736 Memus.
1246 2695 1286 2736 5.
1311 2691 1417 2749 2³¹]
1446 2706 1491 2748 p,
1518 2703 1608 2735 om.
1627 2689 1680 2746 V,
1705 2703 1767 2733 m.
1785 2693 1812 2732 2
1830 2703 1873 2733 v.

237 2773 277 2812 9.
313 2764 422 2842 δύο]
456 2781 508 2822 p,
542 2769 569 2826 β
600 2766 691 2812 Vc
802 2771 869 2811 13.
903 2762 979 2824 ὅν]
1014 2780 1094 2824 cp,
1128 2782 1152 2810 ο
1187 2779 1211 2810 e
1245 2779 1360 2810 corr.
1392 2780 1452 2809 m.
1491 2769 1512 2807 1
1548 2762 1603 2807 V.
1717 2767 1787 2808 14.
1821 2757 1873 2806 ἐκ

176 2823 468 2942 ιιιςξ
908 2841 1017 2940 Ἠ]
1052 2815 1860 2940 013¹v523335155553ffi01‘
