1942 3172
638 118 993 165 CONIOORUM
1023 117 1204 158 LIBER
1234 118 1269 159 1.
1758 114 1792 166 5

114 237 400 308 pertinent,
431 238 673 291 continet
705 239 884 291 autem
915 236 1123 306 primus
1156 236 1389 303 origines
1415 236 1579 287 trium
1605 235 1794 288 sectio-

108 346 238 380 num
271 326 747 396 oppositarumque
781 327 834 378 et
864 325 1223 394 proprietates
1258 342 1440 376 earum
1469 323 1793 393 principales

74 416 270 468 *latius
309 415 770 484 uniuersaliusque
811 414 1083 482 expositas
1093 455 1107 483 ,
1152 432 1312 482 quam
1353 431 1489 482 quae
1531 413 1690 464 ceteri
1730 413 1794 465 de

107 504 175 557 iis
209 505 553 573 scripserunt,
593 503 745 571 alter,
771 497 913 570 'quae
946 502 1196 554 diametri
1229 518 1461 570 axesque
1495 501 1790 553 sectionum

109 595 164 645 et
219 594 557 661 asymptotae
613 592 832 659 propria
887 590 1092 643 habent
1147 590 1382 658 aliaque,
1446 606 1583 659 quae
1637 608 1794 641 usum

63 737 65 739 .
111 682 413 750 generalem
437 679 901 748 necessariumque
927 679 993 731 ad
1021 678 1491 730 determinationes
1514 677 1795 746 praebent3

110 787 242 839 quas
284 771 464 821 autem
504 766 793 820 diametros
835 784 1076 836 quosque
1117 785 1241 819 axes
1276 767 1558 834 adpellem,
1598 783 1662 817 ex
1693 766 1796 819 hoc

109 859 249 911 libro
282 857 592 926 comperies,
646 856 838 908 tertius
871 873 1000 907 uero
1032 854 1267 924 plurima
1301 858 1354 907 et
1385 855 1524 907 mira
1554 855 1795 907 continet

111 948 447 999 theoremata
501 949 555 997 et
606 944 672 996 ad
719 943 1167 1012 compositionem
1213 944 1451 996 locorum
1500 944 1797 997 solidorum

113 1040 166 1088 et
205 1035 272 1088 ad
314 1033 786 1087 determinationes
827 1033 999 1097 utilia,
1040 1050 1266 1101 quorum
1304 1033 1557 1101 pleraque
1597 1036 1651 1084 et
1684 1033 1797 1101 pul-

115 1124 378 1178 cherrima
423 1142 567 1176 noua
614 1112 762 1191 sun't3
810 1122 1004 1190 quibus
1051 1122 1280 1173 inuentis
1322 1121 1574 1191 cognoui,
1621 1122 1798 1174 locum

112 1213 179 1265 ad
209 1217 319 1266 tres
352 1216 406 1265 et
437 1216 692 1281 quattuor
723 1211 892 1263 lineas
925 1210 1146 1262 minime
1180 1210 1246 1262 ab
1276 1209 1500 1262 Euclide
1533 1211 1797 1279 componi,

113 1302 205 1355 sed
242 1305 449 1372 partem
489 1304 702 1352 tantum
742 1300 1024 1352 fortuitam
1067 1299 1200 1367 eiuS,
1249 1301 1302 1351 et
1340 1298 1395 1350 icl
1434 1298 1648 1367 quidem
1687 1316 1798 1351 non

113 1391 336 1460 optime3
390 1407 561 1458 neque
610 1388 749 1440 enim
796 1387 915 1440 fieri
960 1388 1161 1455 potuit,
1209 1391 1267 1438 ut
1315 1386 1634 1454 compositio
1684 1386 1797 1438 sine

110 1478 569 1548 propositionibus
610 1495 642 1529 a
679 1476 835 1529 nobis
878 1476 1100 1528 adiectis
1141 1475 1500 1543 perficeretur.
1574 1478 1798 1543 quartus

39 1584 42 1587 ’
114 1571 294 1620 autem
325 1560 579 1632 continet,
611 1569 742 1634 quot
773 1565 946 1617 modis
984 1564 1250 1617 sectiones
1284 1582 1541 1616 conorum
1575 1566 1628 1616 et
1654 1564 1798 1616 inter

115 1674 170 1709 se
210 1659 264 1708 et
303 1674 423 1709 cum
463 1654 669 1707 ambitu
703 1653 888 1705 circuli
921 1655 1256 1720 concurrant,
1295 1655 1347 1704 et
1378 1655 1658 1719 praeterea
1691 1652 1799 1705 alia

114 1745 390 1814 quaedam,
423 1761 652 1812 quorum
683 1745 931 1794 neutrum
959 1758 1126 1809 genus
1155 1760 1185 1792 a
1210 1740 1481 1809 prioribus
1507 1743 1799 1793 tractatum

116 1836 217 1902 est,
266 1833 323 1884 in
371 1835 502 1900 quot
546 1831 760 1899 punctis
810 1830 975 1883 sectio
1027 1830 1148 1882 coni
1194 1829 1281 1881 uel
1332 1830 1567 1882 ambitus
1615 1829 1798 1882 circuli

114 1923 436 1974 concurrant
478 1922 620 1986 [cum
660 1919 923 1987 oppositis
958 1918 1320 1986 sectionibus].
1390 1918 1586 1986 reliqui
1619 1923 1798 1971 autem

113 2011 239 2063 libri
284 2010 510 2062 ulterius
558 2007 993 2077 progrediuntur.
1071 2006 1278 2075 primus
1327 2007 1468 2058 enim
1510 2025 1694 2059 eorum
1735 2007 1798 2059 de

115 2098 352 2151 minimis
399 2101 453 2149 et
498 2096 742 2148 maximis
790 2096 953 2148 latius
1002 2097 1222 2164 tractat,
1271 2095 1533 2147 secundus
1574 2095 1638 2147 de
1678 2096 1798 2148 coni

116 2186 442 2239 sectionibus
483 2184 796 2253 aequalibus
837 2188 890 2236 et
929 2184 1211 2247 similibuS‚
1251 2183 1441 2236 tertius
1483 2183 1546 2235 de
1585 2183 1796 2236 theore-

116 2275 277 2327 matis
304 2274 369 2327 ad
395 2273 895 2326 determinationem
912 2271 1323 2341 pertinentibus,
1349 2275 1569 2340 quartus
1587 2273 1797 2340 proble-

117 2367 265 2416 mata
333 2363 521 2416 conica
580 2362 746 2413 habet
808 2361 1176 2413 determinata.
1276 2379 1463 2413 uerum
1529 2359 1797 2413 enimuero

119 2452 367 2504 omnibus
408 2450 565 2502 editis
605 2449 686 2517 iis,
727 2449 818 2516 qui
857 2450 1057 2518 legent,
1095 2449 1237 2518 licet,
1278 2466 1368 2502 eos
1407 2467 1503 2517 pro
1547 2448 1797 2517 cuiusque

119 2540 398 2592 uoluntate
438 2539 734 2590 aestimare.
810 2538 945 2589 uale.

119 2741 208 2771 rec.
243 2728 365 2784 (add.
399 2729 529 2783 79⁰³)-
655 2730 719 2770 18.
724 2722 948 2798 κώνων]
971 2740 1054 2780 cv3
1095 2740 1224 2771 euan.
1258 2726 1319 2780 V,
1360 2739 1457 2780 rep.
1489 2739 1582 2781 mg.
1614 2741 1672 2770 m
1705 2738 1794 2769 rec.

182 2791 250 2829 21.
284 2784 426 2843 κατά]
461 2798 544 2828 scr.
577 2789 678 2834 ταῖς
709 2781 1055 2841 ἀντικειμέναις
1087 2781 1229 2839 πηκτάς
1264 2761 1342 2828 ρξἰκ
1376 2783 1439 2827 IV
1470 2783 1614 2840 praef.
