<?xml version="1.0" encoding="UTF-8"?>
<!DOCTYPE html PUBLIC "-//W3C//DTD XHTML 1.0 Transitional//EN"
    "http://www.w3.org/TR/xhtml1/DTD/xhtml1-transitional.dtd">
<html xmlns="http://www.w3.org/1999/xhtml" xml:lang="en" lang="en">
 <head>
  <title>
</title>
<meta http-equiv="Content-Type" content="text/html;charset=utf-8" />
  <meta name='ocr-system' content='tesseract 3.04.00' />
  <meta name='ocr-capabilities' content='ocr_page ocr_carea ocr_par ocr_line ocrx_word'/>
</head>
<body>
  <div class='ocr_page' id='page_1' title='image "apolloniipergaei01apoluoft_0080.png"; bbox 0 0 1982 3178; ppageno 0'>
   <div class='ocr_carea' id='block_1_1' title="bbox 181 113 1220 166">
    <p class='ocr_par' dir='ltr' id='par_1_1' title="bbox 181 113 1220 166">
     <span class='ocr_line' id='line_1_1' title="bbox 181 113 1220 166; baseline 0.004 -8"><span class='ocrx_word' id='word_1_1' title='bbox 181 113 252 166; x_wconf 84' lang='grc'><strong><em>62</em></strong></span> <span class='ocrx_word' id='word_1_2' title='bbox 842 116 1122 160; x_wconf 78' lang='grc' dir='ltr'><strong>ΚΩΝΙΚΩΝ</strong></span> <span class='ocrx_word' id='word_1_3' title='bbox 1153 113 1220 162; x_wconf 87' lang='grc' dir='ltr'><strong><em>α’.</em></strong></span> 
     </span>
    </p>
   </div>
   <div class='ocr_carea' id='block_1_2' title="bbox 120 231 1968 846">
    <p class='ocr_par' dir='ltr' id='par_1_2' title="bbox 120 231 1968 846">
     <span class='ocr_line' id='line_1_2' title="bbox 178 231 1882 310; baseline 0.004 -22"><span class='ocrx_word' id='word_1_4' title='bbox 178 238 288 288; x_wconf 94' lang='grc' dir='ltr'><strong><em>ΑΒ</em></strong></span> <span class='ocrx_word' id='word_1_5' title='bbox 327 231 466 304; x_wconf 81' lang='grc' dir='ltr'><em>πρὸς</em></span> <span class='ocrx_word' id='word_1_6' title='bbox 502 231 607 304; x_wconf 86' lang='grc' dir='ltr'><strong><em>τὴν</em></strong></span> <span class='ocrx_word' id='word_1_7' title='bbox 639 239 695 288; x_wconf 90' lang='grc' dir='ltr'><em>Δ</em></span> <span class='ocrx_word' id='word_1_8' title='bbox 707 239 773 306; x_wconf 86' lang='grc' dir='ltr'><strong><em>Ζ,</em></strong></span> <span class='ocrx_word' id='word_1_9' title='bbox 813 237 965 290; x_wconf 83' lang='grc' dir='ltr'><strong><em>ἔστιν</em></strong></span> <span class='ocrx_word' id='word_1_10' title='bbox 1003 232 1112 306; x_wconf 70' lang='grc' dir='ltr'><strong><em>ἄρα</em></strong></span> <span class='ocrx_word' id='word_1_11' title='bbox 1151 234 1245 290; x_wconf 87' lang='grc' dir='ltr'><strong><em>καὶ</em></strong></span> <span class='ocrx_word' id='word_1_12' title='bbox 1285 232 1360 301; x_wconf 80' lang='grc' dir='ltr'><strong><em>ὡς</em></strong></span> <span class='ocrx_word' id='word_1_13' title='bbox 1397 232 1431 307; x_wconf 82' lang='grc' dir='ltr'>ἡ</span> <span class='ocrx_word' id='word_1_14' title='bbox 1466 241 1583 291; x_wconf 87' lang='grc' dir='ltr'><strong><em>ΔΕ</em></strong></span> <span class='ocrx_word' id='word_1_15' title='bbox 1608 233 1749 306; x_wconf 78' lang='grc' dir='ltr'><strong><em>πρός</em></strong></span> <span class='ocrx_word' id='word_1_16' title='bbox 1777 236 1882 310; x_wconf 81' lang='grc' dir='ltr'><strong><em>τὴν</em></strong></span> 
     </span>
     <span class='ocr_line' id='line_1_3' title="bbox 181 320 1882 398; baseline 0.004 -22"><span class='ocrx_word' id='word_1_17' title='bbox 181 327 315 391; x_wconf 91' lang='grc' dir='ltr'><strong><em>ΔΖ,</em></strong></span> <span class='ocrx_word' id='word_1_18' title='bbox 364 320 542 388; x_wconf 76' lang='grc' dir='ltr'><strong><em>οὕτως</em></strong></span> <span class='ocrx_word' id='word_1_19' title='bbox 588 320 650 378; x_wconf 87' lang='grc' dir='ltr'><strong><em>τὸ</em></strong></span> <span class='ocrx_word' id='word_1_20' title='bbox 699 321 808 379; x_wconf 79' lang='grc' dir='ltr'><strong><em>ἀπὸ</em></strong></span> <span class='ocrx_word' id='word_1_21' title='bbox 860 326 956 394; x_wconf 80' lang='grc' dir='ltr'><strong><em>τῆς</em></strong></span> <span class='ocrx_word' id='word_1_22' title='bbox 996 329 1114 379; x_wconf 89' lang='grc' dir='ltr'><strong><em>ΔΕ</em></strong></span> <span class='ocrx_word' id='word_1_23' title='bbox 1155 323 1297 394; x_wconf 79' lang='grc' dir='ltr'><em>πρὸς</em></span> <span class='ocrx_word' id='word_1_24' title='bbox 1341 323 1396 380; x_wconf 69' lang='grc' dir='ltr'>τὲ</span> <span class='ocrx_word' id='word_1_25' title='bbox 1453 321 1562 380; x_wconf 78' lang='grc' dir='ltr'><strong><em>ἀπὸ</em></strong></span> <span class='ocrx_word' id='word_1_26' title='bbox 1599 327 1709 396; x_wconf 54' lang='grc' dir='ltr'><strong><em>’τῆς</em></strong></span> <span class='ocrx_word' id='word_1_27' title='bbox 1747 332 1882 398; x_wconf 86' lang='grc' dir='ltr'><strong><em>ΑΒ,</em></strong></span> 
     </span>
     <span class='ocr_line' id='line_1_4' title="bbox 177 409 1882 492; baseline 0.004 -27"><span class='ocrx_word' id='word_1_28' title='bbox 177 410 430 466; x_wconf 81' lang='grc' dir='ltr'><strong><em>τουτέστι</em></strong></span> <span class='ocrx_word' id='word_1_29' title='bbox 474 411 537 467; x_wconf 89' lang='grc' dir='ltr'><strong><em>τὸ</em></strong></span> <span class='ocrx_word' id='word_1_30' title='bbox 589 409 697 467; x_wconf 80' lang='grc' dir='ltr'><strong><em>ἀπὸ</em></strong></span> <span class='ocrx_word' id='word_1_31' title='bbox 738 416 849 467; x_wconf 92' lang='grc' dir='ltr'><strong><em>ΓΔ</em></strong></span> <span class='ocrx_word' id='word_1_32' title='bbox 895 411 1037 483; x_wconf 80' lang='grc' dir='ltr'><strong><em>πρὸς</em></strong></span> <span class='ocrx_word' id='word_1_33' title='bbox 1073 412 1136 469; x_wconf 87' lang='grc' dir='ltr'><strong><em>τὸ</em></strong></span> <span class='ocrx_word' id='word_1_34' title='bbox 1178 410 1287 468; x_wconf 78' lang='grc' dir='ltr'><strong><em>ἀπὸ</em></strong></span> <span class='ocrx_word' id='word_1_35' title='bbox 1327 418 1446 468; x_wconf 90' lang='grc' dir='ltr'><strong><em>ΓΒ.</em></strong></span> <span class='ocrx_word' id='word_1_36' title='bbox 1520 418 1620 470; x_wconf 84' lang='grc' dir='ltr'><strong><em>καί</em></strong></span> <span class='ocrx_word' id='word_1_37' title='bbox 1652 411 1768 471; x_wconf 78' lang='grc' dir='ltr'><strong><em>ἔστι</em></strong></span> <span class='ocrx_word' id='word_1_38' title='bbox 1805 418 1882 492; x_wconf 82' lang='grc' dir='ltr'><strong><em>τῷ</em></strong></span> 
     </span>
     <span class='ocr_line' id='line_1_5' title="bbox 179 497 1882 571; baseline 0.003 -16"><span class='ocrx_word' id='word_1_39' title='bbox 179 497 287 556; x_wconf 79' lang='grc' dir='ltr'><strong><em>ἀπὸ</em></strong></span> <span class='ocrx_word' id='word_1_40' title='bbox 329 505 441 556; x_wconf 90' lang='grc' dir='ltr'><strong><em>ΓΔ</em></strong></span> <span class='ocrx_word' id='word_1_41' title='bbox 481 506 608 556; x_wconf 77' lang='grc' dir='ltr'><strong><em>ἴσον</em></strong></span> <span class='ocrx_word' id='word_1_42' title='bbox 646 500 708 557; x_wconf 90' lang='grc' dir='ltr'><strong><em>τὸ</em></strong></span> <span class='ocrx_word' id='word_1_43' title='bbox 749 498 858 557; x_wconf 82' lang='grc' dir='ltr'><strong><em>ὑπὸ</em></strong></span> <span class='ocrx_word' id='word_1_44' title='bbox 900 507 1102 571; x_wconf 93' lang='grc' dir='ltr'>ΠΓΑ,</span> <span class='ocrx_word' id='word_1_45' title='bbox 1142 502 1395 557; x_wconf 80' lang='grc' dir='ltr'><strong><em>τουτέστι</em></strong></span> <span class='ocrx_word' id='word_1_46' title='bbox 1433 523 1495 558; x_wconf 90' lang='grc' dir='ltr'><strong><em>το</em></strong></span> <span class='ocrx_word' id='word_1_47' title='bbox 1537 500 1648 559; x_wconf 83' lang='grc' dir='ltr'><strong><em>ὑπὸ</em></strong></span> <span class='ocrx_word' id='word_1_48' title='bbox 1689 508 1882 560; x_wconf 86' lang='grc' dir='ltr'>ΠΓΒ·</span> 
     </span>
     <span class='ocr_line' id='line_1_6' title="bbox 120 587 1883 664; baseline 0.003 -21"><span class='ocrx_word' id='word_1_49' title='bbox 120 590 271 645; x_wconf 74' lang='grc' dir='ltr'><strong><em>ὁκαὶ</em></strong></span> <span class='ocrx_word' id='word_1_50' title='bbox 330 587 404 655; x_wconf 75' lang='grc' dir='ltr'><strong><em>ὥς</em></strong></span> <span class='ocrx_word' id='word_1_51' title='bbox 458 587 569 662; x_wconf 75' lang='grc' dir='ltr'><strong><em>ἄρα</em></strong></span> <span class='ocrx_word' id='word_1_52' title='bbox 615 589 650 661; x_wconf 80' lang='grc' dir='ltr'>ἡ</span> <span class='ocrx_word' id='word_1_53' title='bbox 699 596 813 645; x_wconf 91' lang='grc' dir='ltr'><strong><em>ΕΔ</em></strong></span> <span class='ocrx_word' id='word_1_54' title='bbox 858 589 998 662; x_wconf 79' lang='grc' dir='ltr'><strong><em>πρὸς</em></strong></span> <span class='ocrx_word' id='word_1_55' title='bbox 1049 597 1185 660; x_wconf 90' lang='grc' dir='ltr'><strong><em>ΔΖ,</em></strong></span> <span class='ocrx_word' id='word_1_56' title='bbox 1239 592 1526 648; x_wconf 81' lang='grc' dir='ltr'><strong><em>τουτέστιν</em></strong></span> <span class='ocrx_word' id='word_1_57' title='bbox 1575 589 1650 658; x_wconf 79' lang='grc' dir='ltr'><strong><em>ὥς</em></strong></span> <span class='ocrx_word' id='word_1_58' title='bbox 1693 590 1730 664; x_wconf 83' lang='grc' dir='ltr'>ἡ</span> <span class='ocrx_word' id='word_1_59' title='bbox 1778 598 1883 649; x_wconf 90' lang='grc' dir='ltr'><strong><em>ΕΘ</em></strong></span> 
     </span>
     <span class='ocr_line' id='line_1_7' title="bbox 178 677 1881 754; baseline 0.003 -21"><span class='ocrx_word' id='word_1_60' title='bbox 178 679 320 750; x_wconf 78' lang='grc' dir='ltr'><strong><em>πρὸς</em></strong></span> <span class='ocrx_word' id='word_1_61' title='bbox 359 684 486 750; x_wconf 91' lang='grc' dir='ltr'><strong><em>ΘΛ,</em></strong></span> <span class='ocrx_word' id='word_1_62' title='bbox 540 680 789 735; x_wconf 84' lang='grc' dir='ltr'><strong><em>τουτέστι</em></strong></span> <span class='ocrx_word' id='word_1_63' title='bbox 834 678 895 736; x_wconf 86' lang='grc' dir='ltr'><strong><em>τὸ</em></strong></span> <span class='ocrx_word' id='word_1_64' title='bbox 944 677 1052 736; x_wconf 84' lang='grc' dir='ltr'><strong><em>ὑπὸ</em></strong></span> <span class='ocrx_word' id='word_1_65' title='bbox 1103 684 1217 736; x_wconf 74' lang='grc' dir='ltr'><strong><em>τῶν</em></strong></span> <span class='ocrx_word' id='word_1_66' title='bbox 1256 686 1427 736; x_wconf 88' lang='grc' dir='ltr'><strong><em>ΕΘΛ</em></strong></span> <span class='ocrx_word' id='word_1_67' title='bbox 1473 681 1616 754; x_wconf 79' lang='grc' dir='ltr'><em>πρὸς</em></span> <span class='ocrx_word' id='word_1_68' title='bbox 1659 682 1723 737; x_wconf 90' lang='grc' dir='ltr'><strong><em>τὸ</em></strong></span> <span class='ocrx_word' id='word_1_69' title='bbox 1771 679 1881 738; x_wconf 83' lang='grc' dir='ltr'><strong><em>ὑπὸ</em></strong></span> 
     </span>
     <span class='ocr_line' id='line_1_8' title="bbox 178 766 1968 846; baseline 0.002 -23"><span class='ocrx_word' id='word_1_70' title='bbox 178 771 293 823; x_wconf 78' lang='grc' dir='ltr'><strong><em>τῶν</em></strong></span> <span class='ocrx_word' id='word_1_71' title='bbox 343 773 539 838; x_wconf 90' lang='grc' dir='ltr'><strong><em>ΔΘΛ,</em></strong></span> <span class='ocrx_word' id='word_1_72' title='bbox 600 766 778 835; x_wconf 77' lang='grc' dir='ltr'><strong><em>οὕτως</em></strong></span> <span class='ocrx_word' id='word_1_73' title='bbox 823 767 886 825; x_wconf 91' lang='grc' dir='ltr'><strong><em>τὸ</em></strong></span> <span class='ocrx_word' id='word_1_74' title='bbox 934 766 1044 825; x_wconf 86' lang='grc' dir='ltr'><strong><em>ὑπὸ</em></strong></span> <span class='ocrx_word' id='word_1_75' title='bbox 1094 772 1209 825; x_wconf 74' lang='grc' dir='ltr'><strong><em>τῶν</em></strong></span> <span class='ocrx_word' id='word_1_76' title='bbox 1258 774 1427 826; x_wconf 92' lang='grc' dir='ltr'><strong><em>ΠΓΒ</em></strong></span> <span class='ocrx_word' id='word_1_77' title='bbox 1474 770 1615 842; x_wconf 80' lang='grc' dir='ltr'><em>πρὸς</em></span> <span class='ocrx_word' id='word_1_78' title='bbox 1659 767 1722 825; x_wconf 87' lang='grc' dir='ltr'><strong><em>τὸ</em></strong></span> <span class='ocrx_word' id='word_1_79' title='bbox 1771 766 1881 826; x_wconf 75' lang='grc' dir='ltr'><strong><em>ἀπὸ</em></strong></span> <span class='ocrx_word' id='word_1_80' title='bbox 1958 825 1968 846; x_wconf 39' lang='grc' dir='ltr'><strong>ς</strong></span> 
     </span>
    </p>
   </div>
   <div class='ocr_carea' id='block_1_3' title="bbox 179 856 1970 931">
    <p class='ocr_par' dir='ltr' id='par_1_3' title="bbox 179 856 1970 931">
     <span class='ocr_line' id='line_1_9' title="bbox 179 856 1970 931; baseline 0.001 -19"><span class='ocrx_word' id='word_1_81' title='bbox 179 862 312 927; x_wconf 94' lang='grc' dir='ltr'><strong><em>ΓΒ,</em></strong></span> <span class='ocrx_word' id='word_1_82' title='bbox 359 858 608 913; x_wconf 81' lang='grc' dir='ltr'><strong><em>τουτέστι</em></strong></span> <span class='ocrx_word' id='word_1_83' title='bbox 652 859 715 914; x_wconf 88' lang='grc' dir='ltr'><strong><em>τὸ</em></strong></span> <span class='ocrx_word' id='word_1_84' title='bbox 764 856 874 914; x_wconf 83' lang='grc' dir='ltr'><strong><em>ὑπὸ</em></strong></span> <span class='ocrx_word' id='word_1_85' title='bbox 917 864 1095 914; x_wconf 90' lang='grc' dir='ltr'><strong><em>ΠΣΟ</em></strong></span> <span class='ocrx_word' id='word_1_86' title='bbox 1139 879 1280 931; x_wconf 79' lang='grc' dir='ltr'><strong><em>προς</em></strong></span> <span class='ocrx_word' id='word_1_87' title='bbox 1325 860 1390 914; x_wconf 88' lang='grc' dir='ltr'><strong><em>τὸ</em></strong></span> <span class='ocrx_word' id='word_1_88' title='bbox 1438 857 1546 914; x_wconf 79' lang='grc' dir='ltr'><strong><em>ἀπο</em></strong></span> <span class='ocrx_word' id='word_1_89' title='bbox 1592 863 1716 914; x_wconf 89' lang='grc' dir='ltr'><strong><em>ΟΣ.</em></strong></span> <span class='ocrx_word' id='word_1_90' title='bbox 1791 863 1892 914; x_wconf 84' lang='grc' dir='ltr'><strong><em>καί</em></strong></span> <span class='ocrx_word' id='word_1_91' title='bbox 1962 870 1970 882; x_wconf 75' lang='lat'><strong><em>⁴</em></strong></span> 
     </span>
    </p>
   </div>
   <div class='ocr_carea' id='block_1_4' title="bbox 93 943 1886 1199">
    <p class='ocr_par' dir='ltr' id='par_1_4' title="bbox 93 943 1982 1210">
     <span class='ocr_line' id='line_1_10' title="bbox 179 943 1885 1023; baseline 0.001 -22"><span class='ocrx_word' id='word_1_92' title='bbox 179 943 332 1002; x_wconf 77' lang='grc' dir='ltr'><strong><em>ἐστιν</em></strong></span> <span class='ocrx_word' id='word_1_93' title='bbox 380 948 616 1003; x_wconf 74' lang='grc' dir='ltr'><strong><em>ἴσοντὸ</em></strong></span> <span class='ocrx_word' id='word_1_94' title='bbox 666 944 776 1002; x_wconf 85' lang='grc' dir='ltr'><strong><em>ὑπὸ</em></strong></span> <span class='ocrx_word' id='word_1_95' title='bbox 824 953 994 1002; x_wconf 90' lang='grc' dir='ltr'><strong><em>ΕΘΛ</em></strong></span> <span class='ocrx_word' id='word_1_96' title='bbox 1038 956 1114 1023; x_wconf 76' lang='grc' dir='ltr'><strong><em>τῷ</em></strong></span> <span class='ocrx_word' id='word_1_97' title='bbox 1162 945 1273 1004; x_wconf 82' lang='grc' dir='ltr'><strong><em>ὑπὸ</em></strong></span> <span class='ocrx_word' id='word_1_98' title='bbox 1324 954 1521 1003; x_wconf 89' lang='grc' dir='ltr'><em>ΠΣΟ·</em></span> <span class='ocrx_word' id='word_1_99' title='bbox 1601 954 1728 1003; x_wconf 82' lang='grc' dir='ltr'><strong><em>ἴσον</em></strong></span> <span class='ocrx_word' id='word_1_100' title='bbox 1774 945 1885 1020; x_wconf 69' lang='grc' dir='ltr'><strong><em>ἄρα</em></strong></span> 
     </span>
     <span class='ocr_line' id='line_1_11' title="bbox 93 1033 1884 1112; baseline 0.001 -23"><span class='ocrx_word' id='word_1_101' title='bbox 93 1044 148 1083; x_wconf 90' lang='grc'><strong><em>10</em></strong></span> <span class='ocrx_word' id='word_1_102' title='bbox 179 1035 272 1089; x_wconf 79' lang='grc' dir='ltr'><strong><em>καὶ</em></strong></span> <span class='ocrx_word' id='word_1_103' title='bbox 319 1036 383 1091; x_wconf 89' lang='grc' dir='ltr'><strong><em>τὸ</em></strong></span> <span class='ocrx_word' id='word_1_104' title='bbox 424 1033 535 1090; x_wconf 83' lang='grc' dir='ltr'><strong><em>ὑπὸ</em></strong></span> <span class='ocrx_word' id='word_1_105' title='bbox 579 1041 749 1092; x_wconf 88' lang='grc' dir='ltr'><strong><em>ΔΘΛ</em></strong></span> <span class='ocrx_word' id='word_1_106' title='bbox 788 1040 864 1111; x_wconf 76' lang='grc' dir='ltr'><strong><em>τῷ</em></strong></span> <span class='ocrx_word' id='word_1_107' title='bbox 907 1034 1014 1092; x_wconf 82' lang='grc' dir='ltr'><strong><em>ἀπὸ</em></strong></span> <span class='ocrx_word' id='word_1_108' title='bbox 1055 1039 1154 1107; x_wconf 80' lang='grc' dir='ltr'><strong><em>τῆς</em></strong></span> <span class='ocrx_word' id='word_1_109' title='bbox 1195 1042 1328 1107; x_wconf 88' lang='grc' dir='ltr'><strong><em>ΟΣ,</em></strong></span> <span class='ocrx_word' id='word_1_110' title='bbox 1367 1037 1618 1093; x_wconf 84' lang='grc' dir='ltr'><strong><em>τουτέστι</em></strong></span> <span class='ocrx_word' id='word_1_111' title='bbox 1657 1038 1732 1112; x_wconf 79' lang='grc' dir='ltr'><strong><em>τῷ</em></strong></span> <span class='ocrx_word' id='word_1_112' title='bbox 1773 1033 1884 1092; x_wconf 81' lang='grc' dir='ltr'><strong><em>ἀπὸ</em></strong></span> 
     </span>
     <span class='ocr_line' id='line_1_12' title="bbox 180 1121 1886 1199; baseline 0.001 -21"><span class='ocrx_word' id='word_1_113' title='bbox 180 1127 278 1193; x_wconf 77' lang='grc' dir='ltr'><strong><em>τῆς</em></strong></span> <span class='ocrx_word' id='word_1_114' title='bbox 316 1129 443 1179; x_wconf 90' lang='grc' dir='ltr'><strong><em>ΗΘ.</em></strong></span> <span class='ocrx_word' id='word_1_115' title='bbox 519 1121 554 1193; x_wconf 60' lang='grc' dir='ltr'>ἦ</span> <span class='ocrx_word' id='word_1_116' title='bbox 592 1130 708 1179; x_wconf 92' lang='grc' dir='ltr'><strong><em>ΗΘ</em></strong></span> <span class='ocrx_word' id='word_1_117' title='bbox 754 1123 863 1197; x_wconf 74' lang='grc' dir='ltr'><strong><em>ἄρα</em></strong></span> <span class='ocrx_word' id='word_1_118' title='bbox 912 1124 1149 1180; x_wconf 82' lang='grc' dir='ltr'><strong><em>δύναται</em></strong></span> <span class='ocrx_word' id='word_1_119' title='bbox 1196 1123 1259 1181; x_wconf 89' lang='grc' dir='ltr'><strong><em>τὸ</em></strong></span> <span class='ocrx_word' id='word_1_120' title='bbox 1299 1131 1441 1196; x_wconf 91' lang='grc' dir='ltr'><strong><em>ΔΛ,</em></strong></span> <span class='ocrx_word' id='word_1_121' title='bbox 1490 1122 1520 1181; x_wconf 82' lang='grc' dir='ltr'>ὃ</span> <span class='ocrx_word' id='word_1_122' title='bbox 1560 1124 1886 1199; x_wconf 80' lang='grc' dir='ltr'><strong><em>παράκειται</em></strong></span> 
     </span>
    </p>
   </div>
   <div class='ocr_carea' id='block_1_5' title="bbox 181 1211 1883 1290">
    <p class='ocr_par' dir='ltr' id='par_1_5' title="bbox 181 1211 1982 1293">
     <span class='ocr_line' id='line_1_13' title="bbox 181 1211 1883 1290; baseline 0.001 -22"><span class='ocrx_word' id='word_1_123' title='bbox 181 1213 330 1284; x_wconf 80' lang='grc' dir='ltr'><strong><em>παρὰ</em></strong></span> <span class='ocrx_word' id='word_1_124' title='bbox 377 1212 482 1284; x_wconf 89' lang='grc' dir='ltr'><strong><em>τὴν</em></strong></span> <span class='ocrx_word' id='word_1_125' title='bbox 524 1219 634 1267; x_wconf 89' lang='grc' dir='ltr'><strong><em>ΔΖ</em></strong></span> <span class='ocrx_word' id='word_1_126' title='bbox 681 1214 936 1269; x_wconf 79' lang='grc' dir='ltr'><strong><em>ἐλλεῖπον</em></strong></span> <span class='ocrx_word' id='word_1_127' title='bbox 983 1217 1119 1269; x_wconf 77' lang='grc' dir='ltr'><strong><em>εἴδει</em></strong></span> <span class='ocrx_word' id='word_1_128' title='bbox 1157 1222 1232 1290; x_wconf 74' lang='grc' dir='ltr'><strong><em>τῷ</em></strong></span> <span class='ocrx_word' id='word_1_129' title='bbox 1276 1219 1382 1268; x_wconf 91' lang='grc' dir='ltr'><strong><em>ΖΛ</em></strong></span> <span class='ocrx_word' id='word_1_130' title='bbox 1424 1211 1602 1289; x_wconf 76' lang='grc' dir='ltr'><strong><em>ὁμοίῳ</em></strong></span> <span class='ocrx_word' id='word_1_131' title='bbox 1643 1212 1767 1270; x_wconf 78' lang='grc' dir='ltr'><strong><em>ὄντι</em></strong></span> <span class='ocrx_word' id='word_1_132' title='bbox 1805 1217 1883 1290; x_wconf 75' lang='grc' dir='ltr'><strong><em>τῷ</em></strong></span> 
     </span>
    </p>
   </div>
   <div class='ocr_carea' id='block_1_6' title="bbox 99 1298 1955 1820">
    <p class='ocr_par' dir='ltr' id='par_1_6' title="bbox 99 1298 1955 1820">
     <span class='ocr_line' id='line_1_14' title="bbox 181 1298 671 1358; baseline 0.002 -2"><span class='ocrx_word' id='word_1_133' title='bbox 181 1298 292 1357; x_wconf 78' lang='grc' dir='ltr'><strong><em>ὑπὸ</em></strong></span> <span class='ocrx_word' id='word_1_134' title='bbox 334 1305 447 1357; x_wconf 70' lang='grc' dir='ltr'><strong><em>τῶν</em></strong></span> <span class='ocrx_word' id='word_1_135' title='bbox 489 1308 601 1357; x_wconf 89' lang='grc' dir='ltr'><strong><em>ΕΔ</em></strong></span> <span class='ocrx_word' id='word_1_136' title='bbox 614 1308 671 1358; x_wconf 92' lang='grc' dir='ltr'><strong><em>Ζ.</em></strong></span> 
     </span>
     <span class='ocr_line' id='line_1_15' title="bbox 297 1389 1886 1463; baseline 0.001 -17"><span class='ocrx_word' id='word_1_137' title='bbox 297 1392 438 1462; x_wconf 81' lang='grc' dir='ltr'><strong><em>λέγω</em></strong></span> <span class='ocrx_word' id='word_1_138' title='bbox 496 1390 595 1462; x_wconf 81' lang='grc' dir='ltr'><strong><em>δή,</em></strong></span> <span class='ocrx_word' id='word_1_139' title='bbox 652 1389 737 1446; x_wconf 78' lang='grc' dir='ltr'><strong><em>ὅτι</em></strong></span> <span class='ocrx_word' id='word_1_140' title='bbox 791 1391 884 1446; x_wconf 85' lang='grc' dir='ltr'><strong><em>καὶ</em></strong></span> <span class='ocrx_word' id='word_1_141' title='bbox 939 1392 1315 1463; x_wconf 78' lang='grc' dir='ltr'><strong><em>ἐκβαλλομένη</em></strong></span> <span class='ocrx_word' id='word_1_142' title='bbox 1371 1389 1406 1462; x_wconf 80' lang='grc' dir='ltr'><em>ἡ</em></span> <span class='ocrx_word' id='word_1_143' title='bbox 1463 1396 1583 1447; x_wconf 93' lang='grc' dir='ltr'><strong><em>ΘΗ</em></strong></span> <span class='ocrx_word' id='word_1_144' title='bbox 1629 1391 1733 1456; x_wconf 79' lang='grc' dir='ltr'><strong><em>ἕως</em></strong></span> <span class='ocrx_word' id='word_1_145' title='bbox 1784 1393 1886 1447; x_wconf 86' lang='grc' dir='ltr'><strong><em>τοῦ</em></strong></span> 
     </span>
     <span class='ocr_line' id='line_1_16' title="bbox 99 1478 1886 1553; baseline -0.001 -17"><span class='ocrx_word' id='word_1_146' title='bbox 99 1488 151 1528; x_wconf 89' lang='lat'><strong><em>15</em></strong></span> <span class='ocrx_word' id='word_1_147' title='bbox 186 1481 380 1552; x_wconf 79' lang='grc' dir='ltr'><strong><em>ἑτέρου</em></strong></span> <span class='ocrx_word' id='word_1_148' title='bbox 411 1481 615 1552; x_wconf 78' lang='grc' dir='ltr'><strong><em>μέρους</em></strong></span> <span class='ocrx_word' id='word_1_149' title='bbox 644 1483 742 1551; x_wconf 79' lang='grc' dir='ltr'><strong><em>τῆς</em></strong></span> <span class='ocrx_word' id='word_1_150' title='bbox 771 1483 943 1552; x_wconf 79' lang='grc' dir='ltr'><strong><em>τομῆς</em></strong></span> <span class='ocrx_word' id='word_1_151' title='bbox 976 1483 1103 1552; x_wconf 78' lang='grc' dir='ltr'><strong><em>δίχα</em></strong></span> <span class='ocrx_word' id='word_1_152' title='bbox 1131 1480 1475 1553; x_wconf 82' lang='grc' dir='ltr'><strong><em>τμηθήσεται</em></strong></span> <span class='ocrx_word' id='word_1_153' title='bbox 1499 1478 1609 1535; x_wconf 85' lang='grc' dir='ltr'><strong><em>ὑπὸ</em></strong></span> <span class='ocrx_word' id='word_1_154' title='bbox 1635 1483 1734 1551; x_wconf 83' lang='grc' dir='ltr'><strong><em>τῆς</em></strong></span> <span class='ocrx_word' id='word_1_155' title='bbox 1758 1487 1813 1535; x_wconf 91' lang='grc' dir='ltr'><em>Δ</em></span> <span class='ocrx_word' id='word_1_156' title='bbox 1823 1485 1886 1535; x_wconf 92' lang='grc' dir='ltr'><strong><em>Ε.</em></strong></span> 
     </span>
     <span class='ocr_line' id='line_1_17' title="bbox 296 1563 1954 1642; baseline -0.001 -18"><span class='ocrx_word' id='word_1_157' title='bbox 296 1568 654 1641; x_wconf 82' lang='grc' dir='ltr'><strong><em>ἐκβεβλήσθω</em></strong></span> <span class='ocrx_word' id='word_1_158' title='bbox 695 1569 803 1641; x_wconf 74' lang='grc' dir='ltr'><strong><em>γὰρ</em></strong></span> <span class='ocrx_word' id='word_1_159' title='bbox 842 1569 934 1624; x_wconf 85' lang='grc' dir='ltr'><strong><em>καὶ</em></strong></span> <span class='ocrx_word' id='word_1_160' title='bbox 974 1571 1332 1642; x_wconf 84' lang='grc' dir='ltr'><strong><em>συμβαλλέτω</em></strong></span> <span class='ocrx_word' id='word_1_161' title='bbox 1372 1578 1438 1642; x_wconf 84' lang='grc' dir='ltr'><strong><em>τῇ</em></strong></span> <span class='ocrx_word' id='word_1_162' title='bbox 1479 1572 1619 1642; x_wconf 85' lang='grc' dir='ltr'><strong><em>τομῇ</em></strong></span> <span class='ocrx_word' id='word_1_163' title='bbox 1652 1570 1789 1624; x_wconf 83' lang='grc' dir='ltr'><strong><em>κατὰ</em></strong></span> <span class='ocrx_word' id='word_1_164' title='bbox 1822 1566 1885 1624; x_wconf 88' lang='grc' dir='ltr'><strong><em>τὸ</em></strong></span> <span class='ocrx_word' id='word_1_165' title='bbox 1950 1563 1954 1567; x_wconf 50' lang='grc'><strong><em>’</em></strong></span> 
     </span>
     <span class='ocr_line' id='line_1_18' title="bbox 188 1654 1955 1732; baseline -0.002 -17"><span class='ocrx_word' id='word_1_166' title='bbox 188 1665 263 1728; x_wconf 93' lang='grc' dir='ltr'><strong><em>Φ,</em></strong></span> <span class='ocrx_word' id='word_1_167' title='bbox 310 1658 403 1713; x_wconf 83' lang='grc' dir='ltr'><strong><em>καὶ</em></strong></span> <span class='ocrx_word' id='word_1_168' title='bbox 452 1656 545 1713; x_wconf 79' lang='grc' dir='ltr'><strong><em>διὰ</em></strong></span> <span class='ocrx_word' id='word_1_169' title='bbox 595 1657 697 1729; x_wconf 75' lang='grc' dir='ltr'><strong><em>μὲν</em></strong></span> <span class='ocrx_word' id='word_1_170' title='bbox 744 1667 845 1714; x_wconf 87' lang='grc' dir='ltr'><strong><em>τοῦ</em></strong></span> <span class='ocrx_word' id='word_1_171' title='bbox 889 1664 941 1713; x_wconf 93' lang='grc' dir='ltr'><strong><em>Φ</em></strong></span> <span class='ocrx_word' id='word_1_172' title='bbox 985 1667 1050 1732; x_wconf 84' lang='grc' dir='ltr'><strong><em>τῇ</em></strong></span> <span class='ocrx_word' id='word_1_173' title='bbox 1092 1660 1209 1721; x_wconf 91' lang='grc' dir='ltr'><strong><em>ΗΞ</em></strong></span> <span class='ocrx_word' id='word_1_174' title='bbox 1249 1658 1604 1730; x_wconf 78' lang='grc' dir='ltr'><strong><em>παράλληλος</em></strong></span> <span class='ocrx_word' id='word_1_175' title='bbox 1647 1658 1808 1730; x_wconf 80' lang='grc' dir='ltr'><em>ἤχθω</em></span> <span class='ocrx_word' id='word_1_176' title='bbox 1850 1654 1885 1728; x_wconf 82' lang='grc' dir='ltr'><em>ἡ</em></span> <span class='ocrx_word' id='word_1_177' title='bbox 1952 1666 1955 1667; x_wconf 68' lang='grc'>’</span> 
     </span>
     <span class='ocr_line' id='line_1_19' title="bbox 189 1744 1886 1820; baseline 0 -19"><span class='ocrx_word' id='word_1_178' title='bbox 189 1752 322 1817; x_wconf 88' lang='grc' dir='ltr'><strong><em>ΦΧ,</em></strong></span> <span class='ocrx_word' id='word_1_179' title='bbox 363 1744 456 1801; x_wconf 81' lang='grc' dir='ltr'><strong><em>διὰ</em></strong></span> <span class='ocrx_word' id='word_1_180' title='bbox 499 1746 561 1802; x_wconf 79' lang='grc' dir='ltr'><strong><em>δὲ</em></strong></span> <span class='ocrx_word' id='word_1_181' title='bbox 599 1750 701 1802; x_wconf 88' lang='grc' dir='ltr'><strong><em>τοῦ</em></strong></span> <span class='ocrx_word' id='word_1_182' title='bbox 742 1753 798 1803; x_wconf 90' lang='grc' dir='ltr'><em>Χ</em></span> <span class='ocrx_word' id='word_1_183' title='bbox 828 1750 894 1820; x_wconf 83' lang='grc' dir='ltr'><strong><em>τῇ</em></strong></span> <span class='ocrx_word' id='word_1_184' title='bbox 929 1753 1055 1802; x_wconf 92' lang='grc' dir='ltr'><strong><em>ΑΝ</em></strong></span> <span class='ocrx_word' id='word_1_185' title='bbox 1085 1746 1440 1820; x_wconf 80' lang='grc' dir='ltr'><strong><em>παράλληλος</em></strong></span> <span class='ocrx_word' id='word_1_186' title='bbox 1479 1748 1640 1819; x_wconf 79' lang='grc' dir='ltr'><em>ἤχθω</em></span> <span class='ocrx_word' id='word_1_187' title='bbox 1679 1745 1713 1818; x_wconf 84' lang='grc' dir='ltr'>ἡ</span> <span class='ocrx_word' id='word_1_188' title='bbox 1747 1752 1886 1801; x_wconf 79' lang='grc' dir='ltr'><strong><em>ΧΨ.</em></strong></span> 
     </span>
    </p>
   </div>
   <div class='ocr_carea' id='block_1_7' title="bbox 182 1832 1982 1908">
    <p class='ocr_par' dir='ltr' id='par_1_7' title="bbox 182 1832 1982 1908">
     <span class='ocr_line' id='line_1_20' title="bbox 182 1832 1982 1908; baseline 0 -18"><span class='ocrx_word' id='word_1_189' title='bbox 182 1835 275 1891; x_wconf 82' lang='grc' dir='ltr'><strong><em>καὶ</em></strong></span> <span class='ocrx_word' id='word_1_190' title='bbox 324 1835 439 1891; x_wconf 86' lang='grc' dir='ltr'><strong><em>ἐπεὶ</em></strong></span> <span class='ocrx_word' id='word_1_191' title='bbox 488 1842 579 1906; x_wconf 78' lang='grc' dir='ltr'><strong><em>ἴση</em></strong></span> <span class='ocrx_word' id='word_1_192' title='bbox 630 1835 778 1890; x_wconf 86' lang='grc' dir='ltr'><strong><em>ἐστὶν</em></strong></span> <span class='ocrx_word' id='word_1_193' title='bbox 826 1833 861 1906; x_wconf 81' lang='grc' dir='ltr'>ἡ</span> <span class='ocrx_word' id='word_1_194' title='bbox 900 1837 1016 1898; x_wconf 93' lang='grc' dir='ltr'><strong><em>ΗΞ</em></strong></span> <span class='ocrx_word' id='word_1_195' title='bbox 1056 1839 1122 1908; x_wconf 81' lang='grc' dir='ltr'><strong><em>τῇ</em></strong></span> <span class='ocrx_word' id='word_1_196' title='bbox 1175 1841 1306 1905; x_wconf 88' lang='grc' dir='ltr'><strong><em>ΦΧ,</em></strong></span> <span class='ocrx_word' id='word_1_197' title='bbox 1356 1842 1482 1892; x_wconf 79' lang='grc' dir='ltr'><strong><em>ἴσον</em></strong></span> <span class='ocrx_word' id='word_1_198' title='bbox 1528 1834 1637 1908; x_wconf 75' lang='grc' dir='ltr'><strong><em>ἄρα</em></strong></span> <span class='ocrx_word' id='word_1_199' title='bbox 1683 1834 1777 1890; x_wconf 86' lang='grc' dir='ltr'><strong><em>καὶ</em></strong></span> <span class='ocrx_word' id='word_1_200' title='bbox 1822 1832 1883 1890; x_wconf 63' lang='grc' dir='ltr'><strong><em>τὲ</em></strong></span> <span class='ocrx_word' id='word_1_201' title='bbox 1970 1864 1982 1902; x_wconf 71' lang='lat'><strong><em>,·</em></strong></span> 
     </span>
    </p>
   </div>
   <div class='ocr_carea' id='block_1_8' title="bbox 96 1914 1982 2000">
    <p class='ocr_par' dir='ltr' id='par_1_8' title="bbox 96 1914 1982 2000">
     <span class='ocr_line' id='line_1_21' title="bbox 96 1914 1982 2000; baseline 0.002 -21"><span class='ocrx_word' id='word_1_202' title='bbox 96 1934 152 1972; x_wconf 73' lang='lat'><strong><em>20</em></strong></span> <span class='ocrx_word' id='word_1_203' title='bbox 186 1922 295 1980; x_wconf 81' lang='grc' dir='ltr'><strong><em>ἀπὸ</em></strong></span> <span class='ocrx_word' id='word_1_204' title='bbox 334 1927 432 1994; x_wconf 82' lang='grc' dir='ltr'><strong><em>τῆς</em></strong></span> <span class='ocrx_word' id='word_1_205' title='bbox 470 1926 585 1985; x_wconf 85' lang='grc' dir='ltr'><strong><em>ΗΞ</em></strong></span> <span class='ocrx_word' id='word_1_206' title='bbox 618 1927 694 2000; x_wconf 78' lang='grc' dir='ltr'><strong><em>τῷ</em></strong></span> <span class='ocrx_word' id='word_1_207' title='bbox 734 1921 844 1979; x_wconf 80' lang='grc' dir='ltr'><strong><em>ἀπὸ</em></strong></span> <span class='ocrx_word' id='word_1_208' title='bbox 885 1927 982 1994; x_wconf 79' lang='grc' dir='ltr'><strong><em>τῆς</em></strong></span> <span class='ocrx_word' id='word_1_209' title='bbox 1018 1930 1141 1980; x_wconf 92' lang='grc' dir='ltr'><strong><em>ΦΧ.</em></strong></span> <span class='ocrx_word' id='word_1_210' title='bbox 1213 1921 1354 1979; x_wconf 78' lang='grc' dir='ltr'><strong><em>ἀλλὰ</em></strong></span> <span class='ocrx_word' id='word_1_211' title='bbox 1394 1923 1457 1979; x_wconf 89' lang='grc' dir='ltr'><strong><em>τὸ</em></strong></span> <span class='ocrx_word' id='word_1_212' title='bbox 1498 1923 1617 1996; x_wconf 75' lang='grc' dir='ltr'><strong><em>μὲν·</em></strong></span> <span class='ocrx_word' id='word_1_213' title='bbox 1641 1922 1748 1979; x_wconf 84' lang='grc' dir='ltr'><strong><em>ἀπὸ</em></strong></span> <span class='ocrx_word' id='word_1_214' title='bbox 1789 1925 1888 1994; x_wconf 83' lang='grc' dir='ltr'><strong><em>τῆς</em></strong></span> <span class='ocrx_word' id='word_1_215' title='bbox 1963 1914 1982 1982; x_wconf 88' lang='grc' dir='ltr'><em>Γ</em></span> 
     </span>
    </p>
   </div>
   <div class='ocr_carea' id='block_1_9' title="bbox 188 2010 1982 2262">
    <p class='ocr_par' dir='ltr' id='par_1_9' title="bbox 188 2010 1982 2263">
     <span class='ocr_line' id='line_1_22' title="bbox 188 2010 1894 2088; baseline 0 -21"><span class='ocrx_word' id='word_1_216' title='bbox 188 2015 302 2076; x_wconf 89' lang='grc' dir='ltr'><strong><em>ΗΞ</em></strong></span> <span class='ocrx_word' id='word_1_217' title='bbox 340 2020 465 2068; x_wconf 80' lang='grc' dir='ltr'><strong><em>ἴσον</em></strong></span> <span class='ocrx_word' id='word_1_218' title='bbox 507 2013 621 2068; x_wconf 85' lang='grc' dir='ltr'><strong><em>ἐστὶ</em></strong></span> <span class='ocrx_word' id='word_1_219' title='bbox 660 2015 734 2088; x_wconf 77' lang='grc' dir='ltr'><strong><em>τῷ</em></strong></span> <span class='ocrx_word' id='word_1_220' title='bbox 777 2010 884 2068; x_wconf 79' lang='grc' dir='ltr'><strong><em>ὑπὸ</em></strong></span> <span class='ocrx_word' id='word_1_221' title='bbox 928 2014 1040 2068; x_wconf 75' lang='grc' dir='ltr'><strong><em>τῶν</em></strong></span> <span class='ocrx_word' id='word_1_222' title='bbox 1074 2015 1258 2084; x_wconf 86' lang='grc' dir='ltr'><strong><em>ΑΞΟ,</em></strong></span> <span class='ocrx_word' id='word_1_223' title='bbox 1298 2011 1361 2068; x_wconf 91' lang='grc' dir='ltr'><strong><em>τὸ</em></strong></span> <span class='ocrx_word' id='word_1_224' title='bbox 1403 2014 1465 2068; x_wconf 79' lang='grc' dir='ltr'><strong><em>δὲ</em></strong></span> <span class='ocrx_word' id='word_1_225' title='bbox 1503 2011 1610 2068; x_wconf 80' lang='grc' dir='ltr'><strong><em>ἀπὸ</em></strong></span> <span class='ocrx_word' id='word_1_226' title='bbox 1643 2015 1742 2083; x_wconf 79' lang='grc' dir='ltr'><strong><em>τῆς</em></strong></span> <span class='ocrx_word' id='word_1_227' title='bbox 1778 2017 1894 2067; x_wconf 94' lang='grc' dir='ltr'><strong><em>ΦΧ</em></strong></span> 
     </span>
     <span class='ocr_line' id='line_1_23' title="bbox 189 2099 1982 2177; baseline -0.001 -19"><span class='ocrx_word' id='word_1_228' title='bbox 189 2110 316 2158; x_wconf 78' lang='grc' dir='ltr'><strong><em>ἴσον</em></strong></span> <span class='ocrx_word' id='word_1_229' title='bbox 364 2102 478 2156; x_wconf 86' lang='grc' dir='ltr'><strong><em>ἐστὶ</em></strong></span> <span class='ocrx_word' id='word_1_230' title='bbox 524 2103 600 2177; x_wconf 79' lang='grc' dir='ltr'><strong><em>τῷ</em></strong></span> <span class='ocrx_word' id='word_1_231' title='bbox 647 2099 757 2157; x_wconf 83' lang='grc' dir='ltr'><strong><em>ὑπὸ</em></strong></span> <span class='ocrx_word' id='word_1_232' title='bbox 807 2104 923 2157; x_wconf 77' lang='grc' dir='ltr'><strong><em>τῶν</em></strong></span> <span class='ocrx_word' id='word_1_233' title='bbox 970 2107 1086 2156; x_wconf 89' lang='lat' dir='ltr'><strong><em>AX</em></strong></span> <span class='ocrx_word' id='word_1_234' title='bbox 1100 2107 1168 2157; x_wconf 84' lang='grc' dir='ltr'><strong><em>Ψ.</em></strong></span> <span class='ocrx_word' id='word_1_235' title='bbox 1245 2101 1532 2173; x_wconf 78' lang='grc' dir='ltr'><strong><em>ἀνάλογον</em></strong></span> <span class='ocrx_word' id='word_1_236' title='bbox 1580 2100 1689 2174; x_wconf 70' lang='grc' dir='ltr'><strong><em>ἄρα</em></strong></span> <span class='ocrx_word' id='word_1_237' title='bbox 1736 2101 1886 2156; x_wconf 76' lang='grc' dir='ltr'><strong><em>ἐστὶν</em></strong></span> <span class='ocrx_word' id='word_1_238' title='bbox 1963 2119 1982 2135; x_wconf 38' lang='grc' dir='ltr'>Ἣ</span> 
     </span>
     <span class='ocr_line' id='line_1_24' title="bbox 188 2188 1892 2262; baseline -0.002 -15"><span class='ocrx_word' id='word_1_239' title='bbox 188 2189 262 2256; x_wconf 74' lang='grc' dir='ltr'><strong><em>ὡς</em></strong></span> <span class='ocrx_word' id='word_1_240' title='bbox 301 2188 335 2262; x_wconf 73' lang='grc' dir='ltr'><em>ἡ</em></span> <span class='ocrx_word' id='word_1_241' title='bbox 372 2192 476 2253; x_wconf 91' lang='grc' dir='ltr'><strong><em>ΟΞ</em></strong></span> <span class='ocrx_word' id='word_1_242' title='bbox 509 2188 648 2262; x_wconf 80' lang='grc' dir='ltr'><em>πρὸς</em></span> <span class='ocrx_word' id='word_1_243' title='bbox 686 2188 788 2261; x_wconf 74' lang='grc' dir='ltr'><strong><em>τήν</em></strong></span> <span class='ocrx_word' id='word_1_244' title='bbox 832 2196 969 2260; x_wconf 80' lang='grc' dir='ltr'><strong><em>ΨΧ,</em></strong></span> <span class='ocrx_word' id='word_1_245' title='bbox 1011 2189 1188 2256; x_wconf 77' lang='grc' dir='ltr'><strong><em>οὕτως</em></strong></span> <span class='ocrx_word' id='word_1_246' title='bbox 1226 2188 1260 2261; x_wconf 83' lang='grc' dir='ltr'><em>ἡ</em></span> <span class='ocrx_word' id='word_1_247' title='bbox 1293 2197 1405 2245; x_wconf 94' lang='grc' dir='ltr'><strong><em>ΧΑ</em></strong></span> <span class='ocrx_word' id='word_1_248' title='bbox 1435 2188 1574 2260; x_wconf 81' lang='grc' dir='ltr'><em>πρὸς</em></span> <span class='ocrx_word' id='word_1_249' title='bbox 1605 2190 1723 2252; x_wconf 91' lang='grc' dir='ltr'><strong><em>ΑΞ.</em></strong></span> <span class='ocrx_word' id='word_1_250' title='bbox 1792 2193 1892 2245; x_wconf 86' lang='grc' dir='ltr'><strong><em>καί</em></strong></span> 
     </span>
    </p>
   </div>
   <div class='ocr_carea' id='block_1_10' title="bbox 35 2275 1890 2714">
    <p class='ocr_par' dir='ltr' id='par_1_10' title="bbox 35 2275 1890 2714">
     <span class='ocr_line' id='line_1_25' title="bbox 186 2275 1887 2351; baseline -0.001 -16"><span class='ocrx_word' id='word_1_251' title='bbox 186 2278 339 2336; x_wconf 78' lang='grc' dir='ltr'><strong><em>ἐστιν</em></strong></span> <span class='ocrx_word' id='word_1_252' title='bbox 394 2276 468 2344; x_wconf 80' lang='grc' dir='ltr'><strong><em>ὡς</em></strong></span> <span class='ocrx_word' id='word_1_253' title='bbox 521 2275 554 2349; x_wconf 80' lang='grc' dir='ltr'><em>ὴ</em></span> <span class='ocrx_word' id='word_1_254' title='bbox 607 2277 893 2351; x_wconf 56' lang='grc' dir='ltr'><em>ΟΞωπρὀ</em></span> <span class='ocrx_word' id='word_1_255' title='bbox 939 2280 1043 2350; x_wconf 88' lang='grc' dir='ltr'><strong><em>τὴν</em></strong></span> <span class='ocrx_word' id='word_1_256' title='bbox 1101 2285 1238 2350; x_wconf 83' lang='grc' dir='ltr'><strong><em>ΨΧ,</em></strong></span> <span class='ocrx_word' id='word_1_257' title='bbox 1294 2279 1472 2345; x_wconf 79' lang='grc' dir='ltr'><strong><em>οὕτως</em></strong></span> <span class='ocrx_word' id='word_1_258' title='bbox 1517 2277 1551 2351; x_wconf 82' lang='grc' dir='ltr'><em>ἡ</em></span> <span class='ocrx_word' id='word_1_259' title='bbox 1599 2280 1700 2342; x_wconf 91' lang='grc' dir='ltr'><strong><em>ΞΒ</em></strong></span> <span class='ocrx_word' id='word_1_260' title='bbox 1746 2276 1887 2349; x_wconf 79' lang='grc' dir='ltr'><em>πρὸς</em></span> 
     </span>
     <span class='ocr_line' id='line_1_26' title="bbox 35 2358 1887 2440; baseline -0.001 -16"><span class='ocrx_word' id='word_1_261' title='bbox 35 2358 38 2360; x_wconf 11' lang='grc' dir='ltr'><em>Γ</em></span> <span class='ocrx_word' id='word_1_262' title='bbox 98 2378 154 2417; x_wconf 73' lang='lat'><strong><em>,⁶25</em></strong></span> <span class='ocrx_word' id='word_1_263' title='bbox 188 2375 315 2424; x_wconf 89' lang='grc' dir='ltr'><strong><em>ΒΧ·</em></strong></span> <span class='ocrx_word' id='word_1_264' title='bbox 378 2368 470 2423; x_wconf 84' lang='grc' dir='ltr'><strong><em>καὶ</em></strong></span> <span class='ocrx_word' id='word_1_265' title='bbox 512 2365 587 2432; x_wconf 79' lang='grc' dir='ltr'><strong><em>ὥς</em></strong></span> <span class='ocrx_word' id='word_1_266' title='bbox 626 2366 734 2440; x_wconf 72' lang='grc' dir='ltr'><strong><em>ἄρα</em></strong></span> <span class='ocrx_word' id='word_1_267' title='bbox 773 2367 806 2438; x_wconf 83' lang='grc' dir='ltr'><em>ἡ</em></span> <span class='ocrx_word' id='word_1_268' title='bbox 842 2374 952 2422; x_wconf 94' lang='grc' dir='ltr'><strong><em>ΧΑ</em></strong></span> <span class='ocrx_word' id='word_1_269' title='bbox 991 2366 1130 2440; x_wconf 76' lang='grc' dir='ltr'><strong><em>πρὸς</em></strong></span> <span class='ocrx_word' id='word_1_270' title='bbox 1162 2370 1292 2438; x_wconf 91' lang='grc' dir='ltr'><strong><em>ΑΞ,</em></strong></span> <span class='ocrx_word' id='word_1_271' title='bbox 1334 2366 1510 2433; x_wconf 77' lang='grc' dir='ltr'><strong><em>οὕτως</em></strong></span> <span class='ocrx_word' id='word_1_272' title='bbox 1548 2365 1583 2439; x_wconf 84' lang='grc' dir='ltr'>ἡ</span> <span class='ocrx_word' id='word_1_273' title='bbox 1615 2370 1715 2430; x_wconf 93' lang='grc' dir='ltr'><strong><em>ΞΒ</em></strong></span> <span class='ocrx_word' id='word_1_274' title='bbox 1747 2365 1887 2438; x_wconf 78' lang='grc' dir='ltr'><em>πρὸς</em></span> 
     </span>
     <span class='ocr_line' id='line_1_27' title="bbox 186 2453 1890 2527; baseline -0.001 -15"><span class='ocrx_word' id='word_1_275' title='bbox 186 2463 306 2513; x_wconf 93' lang='grc' dir='ltr'><strong><em>ΒΧ.</em></strong></span> <span class='ocrx_word' id='word_1_276' title='bbox 382 2458 475 2513; x_wconf 82' lang='grc' dir='ltr'><strong><em>καὶ</em></strong></span> <span class='ocrx_word' id='word_1_277' title='bbox 524 2456 767 2512; x_wconf 81' lang='grc' dir='ltr'><strong><em>διελόντι</em></strong></span> <span class='ocrx_word' id='word_1_278' title='bbox 807 2454 882 2522; x_wconf 77' lang='grc' dir='ltr'><strong><em>ὡς</em></strong></span> <span class='ocrx_word' id='word_1_279' title='bbox 920 2453 952 2511; x_wconf 65' lang='grc' dir='ltr'><strong><em>’ἱ</em></strong></span> <span class='ocrx_word' id='word_1_280' title='bbox 994 2459 1101 2519; x_wconf 91' lang='grc' dir='ltr'><strong><em>ΧΞ</em></strong></span> <span class='ocrx_word' id='word_1_281' title='bbox 1135 2455 1274 2527; x_wconf 79' lang='grc' dir='ltr'><strong><em>πρὸς</em></strong></span> <span class='ocrx_word' id='word_1_282' title='bbox 1314 2458 1446 2527; x_wconf 91' lang='grc' dir='ltr'><strong><em>ΞΑ,</em></strong></span> <span class='ocrx_word' id='word_1_283' title='bbox 1494 2454 1670 2521; x_wconf 76' lang='grc' dir='ltr'><strong><em>οὕτως</em></strong></span> <span class='ocrx_word' id='word_1_284' title='bbox 1706 2453 1741 2526; x_wconf 82' lang='grc' dir='ltr'><em>ἡ</em></span> <span class='ocrx_word' id='word_1_285' title='bbox 1783 2455 1890 2517; x_wconf 92' lang='grc' dir='ltr'><strong><em>ΧΞ</em></strong></span> 
     </span>
     <span class='ocr_line' id='line_1_28' title="bbox 187 2543 1886 2618; baseline -0.002 -17"><span class='ocrx_word' id='word_1_286' title='bbox 187 2547 327 2618; x_wconf 78' lang='grc' dir='ltr'><strong>πρὸς</strong></span> <span class='ocrx_word' id='word_1_287' title='bbox 365 2552 486 2602; x_wconf 90' lang='grc' dir='ltr'><strong><em>ΧΒ.</em></strong></span> <span class='ocrx_word' id='word_1_288' title='bbox 559 2552 651 2616; x_wconf 74' lang='grc' dir='ltr'><strong><em>ἴση</em></strong></span> <span class='ocrx_word' id='word_1_289' title='bbox 692 2546 800 2617; x_wconf 74' lang='grc' dir='ltr'><strong><em>ἄρα</em></strong></span> <span class='ocrx_word' id='word_1_290' title='bbox 841 2545 991 2601; x_wconf 87' lang='grc' dir='ltr'><strong><em>ἐστὶν</em></strong></span> <span class='ocrx_word' id='word_1_291' title='bbox 1030 2545 1064 2616; x_wconf 85' lang='grc' dir='ltr'><em>ἡ</em></span> <span class='ocrx_word' id='word_1_292' title='bbox 1106 2548 1217 2608; x_wconf 92' lang='grc' dir='ltr'><strong><em>ΑΞ</em></strong></span> <span class='ocrx_word' id='word_1_293' title='bbox 1250 2549 1316 2618; x_wconf 78' lang='grc' dir='ltr'><strong><em>τῇ</em></strong></span> <span class='ocrx_word' id='word_1_294' title='bbox 1349 2551 1469 2601; x_wconf 92' lang='grc' dir='ltr'><strong><em>ΧΒ.</em></strong></span> <span class='ocrx_word' id='word_1_295' title='bbox 1539 2548 1654 2600; x_wconf 82' lang='grc' dir='ltr'><strong><em>ἔστι</em></strong></span> <span class='ocrx_word' id='word_1_296' title='bbox 1693 2543 1755 2599; x_wconf 76' lang='grc' dir='ltr'><strong><em>δὲ</em></strong></span> <span class='ocrx_word' id='word_1_297' title='bbox 1792 2543 1886 2598; x_wconf 83' lang='grc' dir='ltr'><strong><em>καὶ</em></strong></span> 
     </span>
     <span class='ocr_line' id='line_1_29' title="bbox 188 2632 1884 2714; baseline -0.003 -24"><span class='ocrx_word' id='word_1_298' title='bbox 188 2634 221 2706; x_wconf 80' lang='grc' dir='ltr'>ἡ</span> <span class='ocrx_word' id='word_1_299' title='bbox 257 2640 371 2691; x_wconf 93' lang='grc' dir='ltr'><strong><em>ΑΓ</em></strong></span> <span class='ocrx_word' id='word_1_300' title='bbox 402 2639 467 2707; x_wconf 83' lang='grc' dir='ltr'><strong><em>τῇ</em></strong></span> <span class='ocrx_word' id='word_1_301' title='bbox 502 2640 601 2690; x_wconf 93' lang='grc' dir='ltr'><strong><em>ΓΒ</em></strong></span> <span class='ocrx_word' id='word_1_302' title='bbox 642 2642 755 2706; x_wconf 77' lang='grc' dir='ltr'><strong><em>ἴση·</em></strong></span> <span class='ocrx_word' id='word_1_303' title='bbox 817 2635 909 2689; x_wconf 81' lang='grc' dir='ltr'><strong><em>καὶ</em></strong></span> <span class='ocrx_word' id='word_1_304' title='bbox 949 2632 1113 2705; x_wconf 85' lang='grc' dir='ltr'><strong><em>λοιπὴ</em></strong></span> <span class='ocrx_word' id='word_1_305' title='bbox 1154 2635 1264 2705; x_wconf 77' lang='grc' dir='ltr'><strong><em>ἄρα</em></strong></span> <span class='ocrx_word' id='word_1_306' title='bbox 1303 2632 1337 2705; x_wconf 80' lang='grc' dir='ltr'><em>ἡ</em></span> <span class='ocrx_word' id='word_1_307' title='bbox 1370 2636 1476 2698; x_wconf 91' lang='grc' dir='ltr'><strong><em>ΞΓ</em></strong></span> <span class='ocrx_word' id='word_1_308' title='bbox 1499 2636 1579 2714; x_wconf 59' lang='grc' dir='ltr'><strong><em>τῇ</em></strong></span> <span class='ocrx_word' id='word_1_309' title='bbox 1598 2637 1710 2688; x_wconf 93' lang='grc' dir='ltr'><strong><em>ΓΧ</em></strong></span> <span class='ocrx_word' id='word_1_310' title='bbox 1734 2633 1884 2687; x_wconf 87' lang='grc' dir='ltr'><strong><em>ἐστιν</em></strong></span> 
     </span>
    </p>
   </div>
   <div class='ocr_carea' id='block_1_11' title="bbox 190 2743 528 2748">
    <p class='ocr_par' dir='ltr' id='par_1_11' title="bbox 190 2743 528 2748">
     <span class='ocr_line' id='line_1_30' title="bbox 190 2743 528 2748; baseline 0 0"><span class='ocrx_word' id='word_1_311' title='bbox 190 2743 528 2748; x_wconf 95' lang='lat' dir='ltr'><strong><em> </em></strong></span> 
     </span>
    </p>
   </div>
   <div class='ocr_carea' id='block_1_12' title="bbox 189 2788 1883 2972">
    <p class='ocr_par' dir='ltr' id='par_1_12' title="bbox 189 2788 1883 2972">
     <span class='ocr_line' id='line_1_31' title="bbox 312 2788 1883 2855; baseline -0.004 -14"><span class='ocrx_word' id='word_1_312' title='bbox 312 2803 349 2842; x_wconf 96' lang='grc'><strong><em>1.</em></strong></span> <span class='ocrx_word' id='word_1_313' title='bbox 384 2795 463 2841; x_wconf 79' lang='grc' dir='ltr'><strong><em>διὰ</em></strong></span> <span class='ocrx_word' id='word_1_314' title='bbox 497 2794 548 2841; x_wconf 85' lang='grc' dir='ltr'><strong><em>τὸ</em></strong></span> <span class='ocrx_word' id='word_1_315' title='bbox 584 2795 808 2855; x_wconf 81' lang='grc' dir='ltr'><strong><em>[πόρισμα</em></strong></span> <span class='ocrx_word' id='word_1_316' title='bbox 834 2796 938 2854; x_wconf 79' lang='grc' dir='ltr'><strong><em>τοῦ]</em></strong></span> <span class='ocrx_word' id='word_1_317' title='bbox 973 2794 1047 2839; x_wconf 80' lang='grc' dir='ltr'><strong><em>ιθ’</em></strong></span> <span class='ocrx_word' id='word_1_318' title='bbox 1080 2797 1164 2840; x_wconf 84' lang='grc' dir='ltr'><strong><em>τοῦ</em></strong></span> <span class='ocrx_word' id='word_1_319' title='bbox 1200 2793 1288 2855; x_wconf 89' lang='grc' dir='ltr'>[ς’]</span> <span class='ocrx_word' id='word_1_320' title='bbox 1321 2809 1414 2851; x_wconf 86' lang='lat' dir='ltr'><strong><em>mg.</em></strong></span> <span class='ocrx_word' id='word_1_321' title='bbox 1439 2810 1501 2839; x_wconf 88' lang='lat' dir='ltr'><strong><em>m.</em></strong></span> <span class='ocrx_word' id='word_1_322' title='bbox 1529 2799 1551 2838; x_wconf 90' lang='lat'><strong>1</strong></span> <span class='ocrx_word' id='word_1_323' title='bbox 1579 2794 1634 2838; x_wconf 88' lang='lat' dir='ltr'><strong><em>V.</em></strong></span> <span class='ocrx_word' id='word_1_324' title='bbox 1727 2798 1768 2837; x_wconf 89' lang='lat'><strong><em>3.</em></strong></span> <span class='ocrx_word' id='word_1_325' title='bbox 1801 2788 1883 2836; x_wconf 77' lang='grc' dir='ltr'><strong><em>διὰ</em></strong></span> 
     </span>
     <span class='ocr_line' id='line_1_32' title="bbox 189 2850 1883 2915; baseline -0.004 -15"><span class='ocrx_word' id='word_1_326' title='bbox 189 2854 240 2900; x_wconf 88' lang='grc' dir='ltr'><strong><em>τὸ</em></strong></span> <span class='ocrx_word' id='word_1_327' title='bbox 268 2854 331 2901; x_wconf 85' lang='grc' dir='ltr'><strong><em>ιε’</em></strong></span> <span class='ocrx_word' id='word_1_328' title='bbox 366 2858 470 2915; x_wconf 81' lang='grc' dir='ltr'><strong><em>[τοῦ</em></strong></span> <span class='ocrx_word' id='word_1_329' title='bbox 497 2853 562 2915; x_wconf 82' lang='grc' dir='ltr'><strong><em>ε’]</em></strong></span> <span class='ocrx_word' id='word_1_330' title='bbox 595 2872 688 2913; x_wconf 88' lang='lat' dir='ltr'><strong><em>mg.</em></strong></span> <span class='ocrx_word' id='word_1_331' title='bbox 714 2872 774 2901; x_wconf 92' lang='lat' dir='ltr'><strong><em>m.</em></strong></span> <span class='ocrx_word' id='word_1_332' title='bbox 805 2861 827 2899; x_wconf 89' lang='lat'>1</span> <span class='ocrx_word' id='word_1_333' title='bbox 856 2856 907 2900; x_wconf 92' lang='lat' dir='ltr'><strong><em>V.</em></strong></span> <span class='ocrx_word' id='word_1_334' title='bbox 976 2854 1049 2897; x_wconf 89' lang='lat' dir='ltr'><strong><em>Ad</em></strong></span> <span class='ocrx_word' id='word_1_335' title='bbox 1080 2855 1230 2899; x_wconf 80' lang='lat' dir='ltr'>lineas</span> <span class='ocrx_word' id='word_1_336' title='bbox 1263 2869 1390 2910; x_wconf 85' lang='lat' dir='ltr'><strong>seqq.</strong></span> <span class='ocrx_word' id='word_1_337' title='bbox 1414 2853 1532 2897; x_wconf 82' lang='lat' dir='ltr'>haec</span> <span class='ocrx_word' id='word_1_338' title='bbox 1565 2867 1655 2909; x_wconf 87' lang='lat' dir='ltr'><strong><em>mg.</em></strong></span> <span class='ocrx_word' id='word_1_339' title='bbox 1681 2866 1740 2897; x_wconf 89' lang='lat' dir='ltr'><strong><em>m.</em></strong></span> <span class='ocrx_word' id='word_1_340' title='bbox 1769 2855 1792 2894; x_wconf 93' lang='lat'>1</span> <span class='ocrx_word' id='word_1_341' title='bbox 1820 2850 1883 2894; x_wconf 85' lang='lat' dir='ltr'><strong><em>V:</em></strong></span> 
     </span>
     <span class='ocr_line' id='line_1_33' title="bbox 190 2906 1883 2972; baseline -0.001 -13"><span class='ocrx_word' id='word_1_342' title='bbox 190 2912 270 2959; x_wconf 79' lang='grc' dir='ltr'><strong><em>διὰ</em></strong></span> <span class='ocrx_word' id='word_1_343' title='bbox 311 2914 364 2960; x_wconf 88' lang='grc' dir='ltr'><strong><em>τὸ</em></strong></span> <span class='ocrx_word' id='word_1_344' title='bbox 542 2911 589 2963; x_wconf 81' lang='grc' dir='ltr'><strong><em>ς’</em></strong></span> <span class='ocrx_word' id='word_1_345' title='bbox 632 2931 784 2972; x_wconf 88' lang='grc' dir='ltr'><strong><em>στοιχε</em></strong></span> <span class='ocrx_word' id='word_1_346' title='bbox 815 2951 905 2971; x_wconf 84' lang='grc'>...,</span> <span class='ocrx_word' id='word_1_347' title='bbox 962 2911 1042 2958; x_wconf 78' lang='grc' dir='ltr'><strong><em>διὰ</em></strong></span> <span class='ocrx_word' id='word_1_348' title='bbox 1075 2911 1126 2958; x_wconf 88' lang='grc' dir='ltr'><strong><em>τὸ</em></strong></span> <span class='ocrx_word' id='word_1_349' title='bbox 1161 2948 1293 2960; x_wconf 91' lang='grc'><strong>.....</strong></span> <span class='ocrx_word' id='word_1_350' title='bbox 1336 2928 1474 2969; x_wconf 88' lang='grc' dir='ltr'><strong><em>στοιχ.</em></strong></span> <span class='ocrx_word' id='word_1_351' title='bbox 1508 2907 1588 2956; x_wconf 78' lang='grc' dir='ltr'><strong><em>διὰ</em></strong></span> <span class='ocrx_word' id='word_1_352' title='bbox 1628 2908 1679 2955; x_wconf 89' lang='grc' dir='ltr'><strong><em>τὸ</em></strong></span> <span class='ocrx_word' id='word_1_353' title='bbox 1720 2906 1767 2954; x_wconf 80' lang='grc' dir='ltr'><strong><em>δ’</em></strong></span> <span class='ocrx_word' id='word_1_354' title='bbox 1810 2907 1883 2957; x_wconf 81' lang='grc' dir='ltr'><strong><em>ς’ς</em></strong></span> 
     </span>
    </p>
   </div>
  </div>
 </body>
</html>
