1942 3172
154 72 222 126 18
805 75 1084 120 ΚΩΝΙΚΩΝ
1115 72 1182 121 α’.

152 191 354 261 ἄξονος
406 194 694 270 τριγώνῳ,
752 192 1100 260 ὑπεναντίως
1156 193 1219 250 δὲ
1271 197 1561 266 κείμενον,
1615 191 1650 266 ἡ
1705 194 1847 267 τομὴ

150 282 352 349 κύκλος
392 285 544 365 ἐστί,
579 288 863 340 καλείσθω
905 283 968 340 δὲ
1005 280 1039 355 ἡ
1080 282 1309 355 τοιαύτη
1347 280 1488 355 τομὴ
1525 280 1851 340 ὑπεναντία.

265 377 402 430 ἔστω
448 377 630 440 κῶνος
677 372 978 445 σκαληνός,
1026 365 1095 428 οὗ
1142 371 1363 446 κορυφὴ
1413 372 1516 445 μὲν
1553 370 1618 429 τὸ
1657 375 1711 428 Α
1754 389 1850 444 ση-
1914 404 1916 406 v

151 473 330 535 μεῖον,
369 461 532 534 βάσις
572 462 634 519 δὲ
674 460 703 519 ὁ
745 467 855 518 ΒΓ
885 461 1105 532 κύκλος,
1143 463 1236 518 καὶ
1275 460 1579 534 τετμήσθω
1605 454 1848 537 ἐπιπέδῳ

94 569 119 609 5
154 550 248 607 διὰ
271 555 372 608 τοῦ
396 553 600 619 ἄξονος
624 549 782 629 ὀρθῷ
814 553 955 625 πρὸς
976 550 1079 608 τὸν
1104 557 1217 607 ΒΓ
1239 551 1469 622 κύκλον,
1499 551 1593 607 καὶ
1624 555 1849 608 ποιείτω

151 639 327 713 τομὴν
374 639 436 697 τὸ
485 647 657 698 ΑΒΓ
703 646 1000 713 τρίγωνον.
1082 640 1377 713 τετμήσθω
1426 640 1496 712 δὴ
1541 640 1633 696 καὶ
1681 641 1848 716 ἑτέρῳ

153 731 392 806 ἐπιπέδῳ
417 730 556 804 πρὸς
581 721 762 803 ὀρθὰς
785 729 908 787 ὄντι
925 733 1000 807 τῷ
1019 735 1192 786 ΑΒΓ
1208 728 1486 805 τριγώνῳ,
1511 727 1852 801 ἀφαιροῦντι

154 819 216 875 δὲ
254 825 534 891 τρίγωνον
574 819 715 891 πρὸς
744 828 820 894 τῷ
856 827 907 874 A
946 824 1154 896 σημείῳ
1188 818 1242 877 τί
1283 825 1472 875 ΑΚΗ
1507 817 1708 890 ὅμοιον
1747 818 1850 890 μὲν

150 912 226 984 τῷ
259 914 432 964 ΑΒΓ
462 908 737 982 τριγώνῳ,
776 907 1120 975 ὑπεναντίως
1154 909 1217 964 δὲ
1249 914 1526 980 κείμενον,
1563 909 1851 965 τουτέστιν
1933 912 1942 926 “

65 1017 119 1056 10
155 996 295 1055 ὥστε
335 1006 463 1070 ἴσην
505 996 651 1054 εἶναι
688 997 791 1070 τὴν
822 996 930 1054 ὑπὸ
963 1005 1017 1053 A
1029 1005 1153 1054 KH
1186 1003 1400 1070 γωνίαν
1430 1001 1497 1071 τῇ
1528 995 1637 1054 ὑπὸ
1671 1001 1853 1053 ΑΒΓ.
1929 1019 1936 1026 ·

151 1088 246 1143 καὶ
276 1093 502 1144 ποιείτω
527 1089 706 1160 τομὴν
730 1090 791 1144 ἐν
815 1091 880 1161 τῇ
907 1090 1203 1163 ἐπιφανείᾳ
1234 1087 1339 1160 τὴν
1363 1093 1546 1143 ΗΘΚ
1573 1085 1850 1161 γραμμήν.

154 1166 315 1248 λέγω,
357 1178 441 1234 ὅτι
479 1177 682 1243 κύκλος
721 1178 871 1234 ἐστὶν
911 1175 945 1249 ἡ
986 1183 1168 1234 ΗΘΚ
1205 1177 1446 1250 γραμμή.
1935 1229 1942 1273 ι,

266 1266 519 1339 εἰλήφθω
552 1266 659 1340 γάρ
693 1288 819 1323 τινα
850 1278 1049 1339 σημεῖα
1075 1267 1163 1323 ἐπὶ
1188 1270 1303 1323 τῶν
1328 1272 1520 1339 ΗΘΚ,
1545 1270 1657 1322 ΒΓ
1680 1287 1851 1338 γραμ·
1939 1275 1942 1294 “

154 1360 278 1430 μῶν
314 1355 381 1413 τὰ
421 1362 486 1428 Θ,
520 1363 589 1427 Λ,
627 1356 721 1412 καὶ
761 1353 868 1413 ἀπὸ
894 1359 1022 1429 ,τῶν
1054 1362 1118 1427 Θ,
1153 1362 1205 1412 Λ
1241 1360 1487 1428 σημείων
1526 1354 1614 1411 ε’πὶ
1653 1352 1715 1410 τὸ
1757 1353 1851 1410 διὰ

67 1462 120 1503 15
153 1449 255 1502 τοῦ
295 1451 468 1502 ΑΒΓ
503 1445 789 1518 τριγώνου
836 1447 1099 1502 ἐπίπεδον
1145 1444 1375 1501 κάθετοι
1413 1443 1708 1516 ἤχθωσαν·
1762 1464 1854 1500 πε-
1937 1465 1942 1526 {¹

157 1539 389 1592 σοῦνται
451 1535 520 1607 δὴ
586 1536 674 1591 ἐπὶ
734 1534 833 1601 τὰς
892 1534 1088 1601 κοινὰς
1149 1534 1323 1607 τομὰς
1382 1537 1497 1591 τῶν
1557 1533 1852 1589 ἐπιπέδων.

154 1627 505 1682 πιπτέτωσαν
554 1622 629 1691 ὥς
677 1627 740 1680 αἰ
778 1631 902 1695 ΖΘ,
942 1630 1082 1680 AM.
1159 1623 1513 1695 παράλληλος
1550 1620 1660 1695 ἄρα
1700 1622 1852 1678 ἐστὶν
1940 1652 1942 1655 <

154 1711 186 1784 ἡ
218 1719 319 1768 ΖΘ
349 1721 415 1785 τῇ
442 1717 583 1769 AM.
648 1710 806 1784 ἤχθω
842 1712 911 1784 δὴ
945 1711 1040 1768 διὰ
1072 1715 1174 1768 τοῦ
1201 1718 1246 1767 Ζ
1277 1715 1343 1785 τῇ
1368 1716 1479 1767 ΒΓ
1501 1710 1855 1783 παράλληλος

155 1800 188 1874 ἡ
234 1807 424 1860 ΔΖΕ·
481 1806 596 1858 ἔστι
646 1801 709 1857 δὲ
746 1802 839 1857 καὶ
877 1799 911 1873 ἡ
954 1807 1055 1856 ΖΘ
1095 1804 1161 1874 τῇ
1203 1806 1339 1858 ΛΜ
1367 1798 1742 1873 παράλληλος·
1787 1798 1851 1856 τὸ

66 1909 123 1951 20
156 1890 267 1962 ἄρα
309 1890 402 1946 διὰ
441 1894 554 1946 τῶν
597 1897 716 1960 ΖΘ,
760 1897 876 1946 ΔΕ
919 1892 1185 1946 ἐπίπεδον
1231 1887 1590 1961 παράλληλόν
1633 1890 1748 1944 ἐστι
1785 1891 1852 1962 τῇ

154 1979 315 2052 βάσει
360 1982 462 2035 τοῦ
509 1978 712 2035 κώνου.
795 1978 996 2045 κύκλος
1049 1977 1160 2050 ἄρα
1208 1980 1386 2049 ἐστίν,
1443 1970 1511 2034 οὗ
1560 1976 1854 2050 διάμετρος

156 2067 188 2141 ἡ
214 2076 342 2125 ΔΕ.
397 2077 524 2125 ἴσον
555 2067 665 2140 ἄρα
695 2067 759 2124 τὸ
791 2065 900 2124 ὑπὸ
931 2077 1045 2125 τῶν
1071 2074 1127 2123 Δ
1139 2074 1202 2138 Ζ,
1230 2074 1336 2123 ΖΕ
1363 2069 1437 2143 τῷ
1471 2065 1578 2123 ἀπὸ
1612 2070 1710 2137 τῆς
1733 2072 1853 2123 ΖΘ.

155 2160 247 2215 καὶ
289 2159 404 2214 ἐπεὶ
442 2156 795 2230 παράλληλός
835 2158 985 2213 ἐστιν
1018 2154 1051 2228 ἡ
1078 2163 1193 2211 ΕΔ
1223 2160 1289 2230 τῇ
1313 2161 1434 2227 ΒΓ,
1474 2153 1509 2226 ἡ
1541 2153 1650 2212 ὑπὸ
1678 2162 1857 2212 ΑΔΕ
1940 2170 1942 2178 “

144 2253 336 2320 ’γωνία
384 2254 476 2318 ἴση
526 2247 639 2302 ἐστὶ
687 2243 908 2319 τῇ-ὑπὸ
959 2251 1140 2301 ΑΒΓ.
1217 2243 1251 2317 ἡ
1304 2245 1366 2301 δὲ
1411 2243 1520 2301 ὑπὸ
1570 2250 1744 2300 ΑΚΗ
1785 2247 1853 2317 τῇ

67 2355 123 2395 25
157 2335 267 2393 ὑπὸ
308 2342 479 2392 ΑΒΓ
518 2334 803 2392 ὑπόκειται
852 2342 964 2407 ἴση·
1025 2335 1118 2390 καὶ
1163 2333 1190 2390 ’ἱ
1244 2334 1355 2391 ὑπὸ
1403 2339 1592 2389 ΑΚΗ
1631 2331 1740 2407 ἄρα
1785 2337 1851 2407 τῇ

157 2424 267 2482 ὑπὸ
294 2432 472 2482 ΑΔΕ
501 2426 652 2481 ἐστιν
678 2431 785 2495 ἴση.
845 2425 952 2480 εἰσὶ
986 2423 1047 2479 δὲ
1078 2424 1171 2479 καὶ
1204 2427 1267 2479 αἰ
1293 2421 1432 2496 πρὸς
1459 2425 1536 2498 τῷ
1568 2429 1614 2477 Ζ
1645 2426 1852 2497 σημείῳ

120 2521 126 2526 ’
160 2523 276 2571 ἴσαι
319 2513 476 2584 [κατὰ
513 2512 814 2586 κορυφήν].
885 2511 1083 2584 ὅμοιον
1127 2512 1235 2585 ἄρα
1275 2513 1390 2569 ἐστὶ
1427 2511 1490 2567 τὸ
1526 2517 1708 2566 ΔΖΗ
1739 2515 1853 2578 τρί-

160 2626 348 2676 γωνον
386 2607 462 2681 τῷ
502 2609 677 2659 ΚΖΕ
711 2605 986 2678 τριγώνῳ·
1043 2606 1195 2658 ἔστιν
1236 2601 1346 2675 ἄρα
1387 2598 1460 2666 ὡς
1497 2597 1531 2672 ἡ
1571 2605 1677 2655 ΕΖ
1714 2597 1854 2671 πρὸς
1903 2669 1907 2672 q

160 2692 265 2764 τὴν
306 2699 440 2763 ΖΚ,
492 2693 669 2758 οὕτως
714 2689 748 2763 ἡ
789 2697 901 2746 ΗΖ
946 2690 1085 2764 πρὸς
1124 2698 1248 2746 ΖΔ.
1324 2689 1387 2747 τὸ
1435 2687 1543 2760 ἄρα
1590 2686 1699 2744 ὑπὸ
1739 2691 1853 2745 τῶν

279 2832 318 2871 6.
353 2823 432 2885 δή]
467 2824 519 2871 δέ
552 2824 792 2871 Εαίῐοοίαε.
934 2830 973 2871 8.
1008 2825 1177 2883 ΑΚΗ]
1210 2840 1256 2881 p,
1287 2826 1391 2868 KH
1417 2822 1476 2868 V.
1624 2827 1695 2867 27.
1727 2818 1849 2865 κατὰ

160 2882 397 2943 κορυφήν]
432 2886 588 2941 dele03
621 2881 742 2939 κατὰ
775 2881 992 2943 κορυφὴν
1025 2880 1114 2941 γάρ
1147 2899 1191 2941 p,
1223 2883 1284 2927 in.
1304 2897 1391 2928 ras,
1424 2896 1484 2928 m.
1518 2886 1543 2926 2
1577 2897 1618 2926 v.
