1982 3178
641 81 998 123 OONIOORUM
1027 54 1209 122 LIBER
1239 81 1276 122 1.
1385 118 1387 120 .
1594 82 1598 86 ’
1732 79 1805 131 49

887 257 1035 310 XIII.

226 374 283 428 Si
329 394 494 429 conus
541 394 638 444 per
684 394 837 429 axem
884 376 1047 444 plano
1090 379 1320 444 secatur,
1369 379 1581 429 secatur
1621 379 1802 430 autem

18 446 26 498 ’λ-
115 464 223 517 alio
265 482 475 534 quoque
514 465 694 533 plan0,
734 464 875 533 quod
915 482 1036 516 cum
1074 467 1301 534 utroque
1341 465 1507 516 latere
1540 463 1804 533 trianguli

112 570 209 620 per
234 571 386 605 axem
410 552 578 621 positi
603 552 887 617 concurrit,
913 552 1004 605 sed
1021 570 1193 622 neque
1210 553 1330 604 basi
1347 553 1469 604 coni
1484 553 1801 620 parallelum

15 643 56 717 ξ’
112 640 323 693 ducitur
367 658 540 710 neque
586 658 614 692 e
662 640 952 709 contrario,
1000 643 1053 692 et
1101 641 1147 692 si
1184 641 1429 710 planum,
1480 641 1537 692 in
1575 659 1679 709 quo
1720 644 1803 694 est

111 728 256 782 basis
317 729 466 795 coni,
525 729 853 797 planumque
916 746 1101 780 secans
1160 733 1489 782 concurrunt
1542 730 1600 781 in'
1654 732 1801 782 recta

15 807 24 833 ;
111 816 542 886 perpendiculari
582 820 675 869 aut
713 817 780 869 ad
820 816 996 869 basim
1027 817 1291 886 trianguli
1322 836 1418 886 per
1451 836 1602 870 axem
1633 818 1800 886 positi

112 907 207 956 aut
239 904 304 956 ad
338 921 453 957 eam
485 905 821 974 productam,
854 905 1126 976 quaelibet
1149 909 1309 974 recta,
1343 924 1479 975 quae
1504 925 1535 958 a
1562 907 1797 959 sectione

111 992 234 1045 coni
274 994 545 1046 communi
585 994 809 1046 sectioni
846 994 1133 1062 planorum
1170 994 1432 1062 parallela
1468 994 1692 1062 ducitur,
1734 994 1802 1046 ad

112 1080 430 1133 diametrum
492 1082 742 1134 sectionis
802 1084 1015 1151 sumpta
1078 1082 1339 1150 quadrata
1402 1083 1642 1150 aequalis
1698 1083 1801 1134 erit

71 1169 284 1239 ‘spatio
339 1169 608 1237 adplicato
659 1172 837 1222 rectae
885 1170 1119 1238 cuidam,
1176 1170 1243 1222 ad
1290 1188 1451 1238 quam
1506 1169 1799 1222 diametrus

111 1257 364 1310 sectionis
397 1257 662 1309 rationem
692 1257 872 1324 habet,
904 1276 1065 1326 quam
1088 1257 1254 1309 habet
1278 1257 1598 1325 quadratum
1622 1260 1799 1309 rectae

10 1382 16 1417 3
111 1363 143 1397 a
180 1345 384 1398 uertice
425 1346 546 1398 coni
578 1345 838 1398 diametro
873 1346 1129 1398 sectionis
1162 1344 1454 1413 parallelae
1488 1345 1678 1397 ductae
1710 1364 1798 1398 us-

9 1431 18 1492 ξ
110 1451 211 1503 que
252 1433 319 1485 ad
358 1433 531 1485 basim
563 1433 821 1503 trianguli
855 1433 916 1485 ad
951 1433 1324 1502 rectangulum
1358 1433 1796 1501 comprehensum

41 1551 43 1553 ·
110 1522 272 1574 rectis
319 1522 387 1574 ab
435 1539 498 1573 ea
545 1522 610 1573 ad
654 1522 826 1573 latera
856 1521 1121 1589 trianguli
1160 1521 1407 1588 abscisis„
1452 1521 1796 1574 latitudinem

109 1608 315 1662 habens
355 1611 558 1661 rectam
599 1609 666 1660 ab
707 1626 768 1661 ea
801 1626 828 1660 e
861 1609 1123 1661 diametro
1156 1608 1223 1659 ad
1254 1609 1509 1660 uerticem
1543 1610 1796 1662 sectionis

110 1697 378 1750 abscisam
425 1699 477 1747 et
522 1696 695 1765 figura
734 1696 981 1749 deficiens
1022 1696 1186 1748 simili
1227 1695 1579 1765 similiterque
1617 1698 1798 1766 posita

107 1784 420 1854 rectangulo
491 1801 523 1835 a
583 1783 841 1836 diametro
904 1786 1316 1853 parametroque
1378 1784 1795 1854 comprehens03

108 1875 330 1925 uocetur
369 1875 549 1923 autem
587 1871 713 1923 talis
756 1872 919 1923 sectio
960 1871 1232 1939 ellipsis,

222 1960 294 2012 sit
325 1977 506 2028 conUS,
547 1959 694 2011 cuius
726 1962 907 2012 uertex
942 1960 1013 2011 sit
1044 1965 1096 2011 A
1126 1962 1399 2029 punctum,
1431 1960 1580 2012 basis
1614 1963 1794 2012 autem

108 2050 219 2101 ΒΓ
242 2049 488 2116 circulus»,
521 2051 574 2099 et
597 2065 694 2115 per
719 2066 871 2100 axem
896 2049 1057 2116 plano
1084 2050 1304 2116 secetur,
1330 2048 1471 2116 quod
1505 2042 1795 2101 sectionem

111 2135 310 2188 efficiat
356 2136 689 2204 triangulum
729 2138 917 2205 ΑΒΓ,
964 2131 1176 2188 secetur
1215 2138 1395 2188 autem
1436 2135 1542 2200 alio
1584 2154 1795 2205 quoque

108 2224 294 2292 plano,
349 2223 488 2291 quod
543 2240 662 2275 cum
708 2226 934 2291 utroque
979 2224 1147 2275 latere
1193 2223 1454 2291 trianguli
1499 2241 1594 2291 per
1641 2242 1794 2276 axem

108 2312 271 2380 positi
306 2313 604 2379 concurrat,
644 2311 736 2363 sed
767 2328 935 2379 neque
967 2311 1087 2362 basi
1119 2311 1241 2364 coni
1270 2312 1588 2379 parallelum
1620 2329 1793 2380 neque

110 2417 138 2451 e
178 2399 447 2452 contrario
488 2398 705 2451 ductum
738 2398 823 2466 sit,
864 2401 917 2450 et
950 2399 1004 2450 in
1039 2398 1317 2467 superficie
1351 2399 1471 2451 coni
1504 2399 1794 2451 sectionem

110 2486 310 2540 efficiat
368 2487 571 2539 lineam
625 2489 758 2554 AE3
817 2488 1116 2539 communis
1177 2489 1355 2538 autem
1419 2487 1584 2539 sectio
1645 2488 1793 2556 plani

111 2575 342 2628 secantis
388 2575 607 2642 eiusque
646 2575 807 2643 plani,
845 2574 903 2626 in
942 2592 1045 2642 quo
1086 2577 1169 2626 est
1206 2575 1354 2627 basis
1394 2575 1530 2641 coni,
1566 2574 1642 2630 sit
1682 2578 1800 2626 ZH

111 2662 177 2714 ad
217 2664 326 2714 ΒΓ
356 2662 831 2730 perpendicularis,
875 2662 1167 2715 diametrus
1209 2665 1386 2714 autem
1426 2661 1680 2713 sectionis
1721 2662 1794 2714 sit

19 2787 26 2795 .„
111 2752 239 2819 EA,
279 2753 332 2802 et
370 2750 445 2802 ab
477 2753 529 2802 E
557 2750 624 2802 ad
656 2753 769 2801 EA
800 2750 1253 2818 perpendicularis
1286 2750 1510 2801 ducatur
1541 2752 1659 2817 ΕΘ,
1697 2763 1794 2817 per

8 2825 25 2857 ’ί

110 2841 163 2888 Α
217 2839 395 2889 autem
445 2841 619 2890 rectae
675 2842 787 2890 EA
839 2838 1098 2906 parallela
1138 2838 1362 2890 ducatur
1400 2839 1535 2903 AK,
1591 2839 1644 2889 et
1695 2836 1794 2889 fiat

199 2929 510 2973 Apolloniae,
536 2932 593 2964 ed.
618 2932 799 2972 Heiberg.
1496 2926 1525 2965 4
