2028 3146
216 82 324 135 180
876 84 1154 129 ΚΩΝΙΚῼΝ
1185 79 1251 129 α’.

216 203 369 259 ἐστιν
424 198 459 273 ἡ
507 208 561 257 A
570 207 616 257 B
626 244 642 273 ,
698 205 761 258 αἱ
815 201 878 258 δὲ
929 202 1300 275 καταγόμεναι
1351 202 1803 276 καταχθήσονται
1849 204 1912 261 ἐν

214 288 364 365 ὀρθῇ
404 295 604 365 γωνίᾳ·
675 291 1022 363 παράλληλοι
1061 290 1167 366 γάρ
1208 295 1315 348 εἰσι
1353 295 1420 365 τῇ
1453 297 1594 349 ΚΜ.
1662 292 1756 348 καὶ
1795 294 1918 350 ἐπεί

213 381 391 451 ἐστιν,
440 378 515 446 ὡς
560 378 594 452 ἡ
642 386 762 437 ΔΕ
801 379 942 455 πρὸς
986 385 1116 451 ΕΖ,
1162 380 1226 437 τὸ
1271 378 1382 437 ὑπὸ
1423 387 1616 453 ΔΕΖ,
1661 383 1913 439 τουτέστι

210 468 273 524 τὸ
322 467 432 525 ὑπὸ
480 475 675 542 ΒΕΑ,
730 467 870 543 πρὸς
915 471 978 525 τὸ
1027 469 1138 526 ἀπὸ
1187 476 1316 542 ΕΖ,
1370 468 1435 526 τὸ
1481 469 1545 527 δὲ
1587 468 1696 528 ὑπὸ
1743 477 1912 528 ΒΕΑ

153 571 179 611 5
211 558 350 630 πρὸς
395 555 459 614 τό
508 556 618 614 ἀπὸ
659 564 766 614 ΕΖ
803 560 906 615 τὸν
945 563 1311 630 συγκείμενον
1352 563 1461 632 ἔχει
1500 560 1674 631 λόγον
1713 560 1773 617 ἐκ
1811 563 1914 617 τοῦ

211 655 308 717 τῆς
354 653 465 702 ΒΕ
506 646 646 720 πρὸς
692 653 798 703 ΕΖ
842 647 937 703 καὶ
984 652 1085 704 τοῦ
1129 657 1226 719 τῆς
1273 654 1388 703 ΑΕ
1429 649 1570 722 πρὸς
1606 654 1738 721 ΕΖ,
1785 646 1909 705 ἀλλ’

213 732 286 801 ὡς
333 735 435 807 μὲν
482 734 518 806 ἡ
557 741 669 810 ΒΕ
710 738 849 809 πρὸς
887 742 1018 808 ΕΖ,
1064 735 1099 808 ἡ
1140 742 1256 792 ΒΚ
1297 735 1438 809 πρὸς
1476 742 1615 809 ΚΘ,
1661 735 1738 804 ὡς
1777 737 1838 794 δὲ
1876 735 1911 810 ἡ

211 830 329 879 ΑΕ
377 825 520 898 πρὸς
566 830 695 895 ΕΖ,
751 822 785 895 ἡ
832 829 954 880 ΑΚ
1001 826 1143 898 πρὸς
1187 830 1334 896 ΚΗ,
1388 827 1674 883 τουτέστιν
1719 823 1755 899 ἡ
1805 831 1914 882 ΖΛ

211 911 349 984 πρὸς
388 917 531 983 ΛΗ,
570 910 604 984 ἡ
645 919 757 968 ΒΑ
796 911 905 985 ἄρα
943 912 1080 986 πρὸς
1110 919 1225 969 ΑΓ
1257 912 1358 970 τὸν
1398 919 1763 986 συγκείμενον
1803 919 1913 988 ἔχει

124 1015 179 1056 10
211 999 385 1072 λόγον
426 1003 485 1056 ἐκ
523 1011 625 1057 τοῦ
664 1011 760 1073 τῆς
793 1008 901 1056 ΖΛ
932 1004 1071 1073 πρὸς
1102 1008 1227 1058 ΛΗ
1250 1003 1343 1059 καὶ
1373 1012 1476 1059 τοῦ
1509 1013 1604 1076 τῆς
1635 1010 1742 1060 ΖΛ
1773 1023 1913 1076 προς

210 1095 345 1159 ΛΘ,
393 1087 455 1156 ὅς
501 1090 651 1147 ἐστιν
700 1088 729 1146 ὃ
778 1089 947 1156 αὐτὸς
995 1101 1071 1164 τῷ
1113 1088 1182 1148 ὃν
1222 1096 1331 1164 ἔχει
1369 1094 1432 1148 τὸ
1475 1090 1586 1149 ἀπὸ
1628 1098 1735 1149 ΖΛ
1773 1092 1914 1164 πρὸς

209 1180 272 1234 τὸ
313 1176 423 1235 ὑπὸ
464 1184 660 1235 ΗΛΘ·
733 1178 808 1246 ὥς
847 1181 958 1253 ἄρα
995 1178 1030 1252 ἡ
1063 1187 1174 1236 ΒΑ
1210 1181 1350 1251 πρὸς
1382 1186 1516 1252 ΑΓ,
1555 1180 1619 1238 τὸ
1661 1180 1768 1238 ἀπὸ
1805 1187 1914 1237 ΖΛ

210 1266 348 1340 πρὸς
401 1267 464 1324 τὸ
521 1265 630 1324 ὑπὸ
678 1275 868 1325 ΗΛΘ.
954 1267 1091 1325 ὅταν
1150 1269 1212 1326 δὲ
1257 1279 1425 1326 τοῦτο
1473 1263 1533 1344 ᾗ,
1594 1268 1766 1344 ὀρθία
1809 1274 1911 1327 τοῦ

211 1359 398 1422 εἴδους
442 1356 655 1429 πλευρά
702 1358 854 1414 ἐστιν
900 1355 934 1430 ἡ
975 1363 1109 1429 ΑΓ,
1158 1356 1232 1425 ὡς
1280 1360 1553 1414 δέδεικται
1600 1361 1662 1415 ἐν
1707 1363 1783 1435 τῷ
1832 1358 1911 1431 ιγ’

123 1458 178 1499 15
208 1444 548 1519 θεωρήματι.

1012 1535 1113 1603 νζ’.

328 1644 455 1695 Τῶν
495 1637 684 1695 αὐτῶν
723 1638 1112 1712 ὑποκειμένων
1153 1644 1291 1697 ἔστω
1324 1638 1358 1712 ἡ
1397 1646 1500 1696 ΑΒ
1534 1639 1786 1696 ἐλάσσων
1815 1647 1914 1712 τῆς

210 1732 343 1799 ΑΓ,
390 1729 482 1783 καὶ
531 1731 662 1786 δέον
711 1733 849 1785 ἔστω
897 1729 1023 1800 περὶ
1070 1730 1369 1801 διάμετρον
1407 1728 1511 1800 τὴν
1550 1735 1660 1785 ΑΒ
1699 1727 1912 1799 γράψαι

211 1818 476 1886 ἔλλειψιν,
518 1814 659 1872 ὥστε
699 1815 908 1889 ὀρθίαν
949 1815 1093 1873 εἶναι
1131 1817 1236 1889 τὴν
1274 1822 1394 1872 ΑΓ.

123 1917 181 1958 20
324 1903 619 1974 τετμήσθω
659 1903 694 1976 ἡ
734 1912 844 1960 ΑΒ
886 1909 1014 1976 δίχα
1052 1905 1190 1961 κατὰ
1228 1907 1291 1961 τὸ
1332 1912 1404 1976 Δ,
1444 1905 1537 1961 καὶ
1570 1903 1679 1962 ἀπὸ
1717 1915 1819 1961 τοῦ
1856 1912 1912 1961 Δ

211 1995 278 2065 τῇ
313 1998 420 2047 ΑΒ
460 1993 600 2064 πρὸς
639 1989 818 2063 ὀρθὰς
856 1991 1017 2064 ήχθω
1057 1991 1091 2064 ἡ
1126 1998 1320 2064 ΕΔΖ,
1360 1993 1452 2048 καὶ
1491 2015 1565 2049 τω
1604 1991 1712 2049 ὑπὸ
1747 1999 1920 2050 ΒΑΓ

212 2089 340 2137 ἴσον
389 2084 526 2136 ἔστω
574 2080 637 2136 τὸ
686 2078 795 2137 ἀπὸ
840 2086 968 2162 ΖΕ,
1018 2079 1158 2137 ω’στε
1198 2088 1327 2153 ἴσην
1368 2080 1513 2138 εἶναι
1550 2079 1654 2153 τὴν
1695 2088 1807 2138 ΖΔ
1843 2091 1910 2156 τῇ

214 2176 360 2240 ΔΕ,
421 2169 515 2224 καὶ
577 2172 643 2243 τῇ
707 2175 815 2224 ΑΒ
877 2169 1232 2242 παράλληλος
1291 2169 1453 2242 ήχθω
1516 2168 1551 2242 ἡ
1615 2176 1758 2242 ΖΗ,
1818 2170 1913 2227 καὶ

211 2258 562 2329 πεποιήσθω,
618 2280 692 2323 ως
746 2255 780 2328 ἡ
828 2263 943 2313 ΑΓ
982 2257 1119 2330 πρὸς
1165 2265 1302 2330 ΑΒ,
1357 2257 1391 2329 ἡ
1438 2265 1545 2313 ΕΖ
1589 2258 1730 2331 πρὸς
1778 2263 1910 2314 ΖΗ·

123 2359 180 2399 25
213 2352 413 2419 μείζων
462 2369 571 2419 αρα
616 2347 709 2402 καὶ
756 2344 790 2417 ἡ
831 2353 936 2401 ΕΖ
983 2356 1078 2418 τῆς
1118 2353 1243 2402 ΖΗ.
1318 2347 1412 2403 καὶ
1459 2347 1576 2403 ἐπεὶ
1623 2355 1748 2403 ἴσον
1796 2347 1912 2403 ἐστὶ

212 2435 276 2492 τὸ
315 2434 424 2491 ὑπὸ
459 2441 622 2491 ΓΑΒ
661 2438 737 2511 τῷ
778 2432 887 2490 ἀπὸ
918 2441 1047 2507 ΕΖ,
1090 2440 1240 2492 ἔστιν
1281 2434 1356 2502 ὡς
1394 2433 1429 2507 ἡ
1463 2440 1570 2491 ΓΑ
1595 2436 1744 2508 ’πρὸς
1774 2441 1909 2506 ΑΒ,

214 2525 277 2579 τὸ
324 2523 433 2580 ἀπὸ
477 2530 583 2579 ΖΕ
625 2525 765 2595 πρὸς
809 2524 872 2579 τὸ
922 2521 1030 2580 ἀπὸ
1071 2531 1178 2579 ΑΒ
1225 2524 1318 2579 καὶ
1363 2522 1426 2579 τὸ
1473 2521 1580 2579 ἀπὸ
1622 2529 1733 2578 ΛΖ
1771 2522 1911 2596 πρὸς

337 2691 376 2730 7.
417 2685 531 2731 Post
561 2688 658 2731 ΚΘ
698 2686 802 2731 add.
836 2683 1075 2730 τουτέστιν
1114 2682 1143 2742 ἡ
1177 2690 1260 2730 ΖΛ
1297 2683 1415 2743 πρὸς
1445 2687 1537 2730 ΛΘ
1573 2685 1745 2741 Halley
1775 2698 1910 2741 prae-

216 2761 355 2803 eunte
379 2759 548 2804 Memo.
684 2765 754 2803 14.
786 2759 848 2819 τῷ
883 2755 1031 2817 ιγ]ὦ
1074 2763 1110 2803 Γ
1144 2759 1208 2814 V,
1256 2774 1370 2805 corr.
1410 2774 1456 2816 p.
1610 2762 1680 2803 16.
1728 2754 1894 2816 νζ’Ῑ)]

214 2816 460 2874 Eutocius3
494 2832 583 2863 om.
609 2819 663 2863 V.
761 2823 828 2863 18.
861 2775 970 2887 περι
955 2817 998 2876 ί]
1031 2832 1116 2874 pc3
1151 2793 1235 2862 ἐπί
1252 2818 1323 2862 V?
1414 2823 1486 2863 24.
1518 2833 1661 2862 πεποι
1645 2817 1810 2861 ιείσθω
1843 2772 1909 2872 Vp3

214 2889 328 2921 corr.
361 2892 408 2933 p.
530 2883 600 2923 26.
633 2874 753 2936 ἀπό]
785 2892 864 2934 pc,
898 2872 959 2921 πό
992 2879 1101 2933 post
1129 2890 1220 2924 ras.
1255 2883 1277 2921 1
1311 2876 1404 2923 litt.
1436 2876 1492 2921 V.
