1982 3178
210 70 282 124 32
868 73 1147 118 ΚΩΝΙΚΩΝ
1177 68 1246 120 α’.

210 193 312 246 τοῦ
337 197 384 246 Θ
417 195 651 262 σημείου
688 194 755 264 τῇ
785 190 887 263 μὲν
912 196 1023 247 ΒΓ
1054 191 1407 263 παράλληλος
1444 190 1604 264 ἤχθω
1643 189 1679 265 ἡ
1710 196 1902 266 ΚΘΛ,

211 283 278 352 τῇ
300 279 363 336 δὲ
383 286 500 336 ΔΕ
514 279 866 352 παράλληλος
883 278 916 352 ἡ
932 285 1142 337 ΜΘΝ·
1174 280 1235 338 τὸ
1258 279 1368 353 ἄρα
1385 279 1478 338 διὰ
1493 284 1605 338 τῶν
1621 286 1756 353 ΚΛ,
1771 287 1910 338 ΜΝ

212 370 476 425 ἐπίπεδον
503 369 862 442 παράλληλόν
886 372 1000 426 ἐστι
1024 373 1098 446 τῷ
1126 371 1220 426 διὰ
1243 374 1358 427 τῶν
1383 375 1504 442 ΒΓ,
1530 376 1587 426 Δ
1594 376 1658 427 Ε.
1703 370 1906 438 κύκλος

210 458 320 532 ἄρα
346 460 459 516 ἐστὶ
483 458 544 515 τὸ
575 465 837 516 ΚΛΜΝ
862 461 1140 516 ἐπίπεδον.
1202 460 1294 516 καὶ
1320 459 1435 516 ἐπεὶ
1458 458 1525 516 τὰ
1550 466 1623 532 Δ,
1647 466 1714 532 Ε,
1740 466 1820 532 Μ,
1846 464 1911 517 Ν

150 561 177 601 5
210 561 408 621 σημεῖα
449 550 510 604 ἐν
549 552 625 624 τῷ
665 549 928 620 τέμνοντί
963 550 1113 605 ἐστιν
1154 551 1413 626 ἐπιπέδῳ,
1453 553 1572 606 ἔστι
1611 549 1673 606 δὲ
1708 550 1804 606 καὶ
1842 551 1905 606 ἐν
1975 535 1982 602 s

209 641 272 711 τῖ
325 641 623 713 ἐπιφανείᾳ
668 642 771 695 τοῦ
817 638 1030 710 κώνου,
1079 639 1166 695 ἐπὶ
1213 643 1312 711 τῆς
1356 642 1550 711 κοινῆς
1587 637 1697 712 ἄρα
1735 642 1905 711 τομῆς

210 730 384 783 ἐστιν’
424 726 658 799 ηὔξηται
690 717 799 799 ἄρα
831 726 864 800 ἡ
898 736 953 783 Δ
963 735 1069 784 ΖΕ
1104 730 1264 804 μέχρι
1303 733 1416 786 τῶν
1442 735 1524 800 Μ,
1550 734 1613 784 Ν
1646 733 1904 800 σημείων.

210 816 549 888 αὐξηθείσης
603 816 713 888 ἄρα
766 821 862 889 τῆς
909 820 1235 889 ἐπιφανείας
1282 821 1383 874 τοῦ
1430 819 1620 874 κώνου
1663 818 1758 874 καὶ
1802 820 1906 875 τοῦ

209 908 509 979 τέμνοντος
541 909 805 963 ἐπιπέδου
835 908 992 980 μέχρι
1023 910 1125 963 τοῦ
1152 913 1417 963 ΚΛΜΝ
1439 907 1650 964 κύκλου
1672 906 1904 980 ηὔξηται

123 1007 178 1046 10
211 996 305 1051 καὶ
343 994 377 1067 ἡ
412 1001 586 1051 ΔΖΕ
621 994 760 1067 τομὴ
801 997 959 1068 μέχρι
997 1005 1110 1052 τῶν
1150 1002 1233 1067 Μ,
1266 1002 1324 1052 Ν
1364 1001 1623 1068 σημείων.
1700 995 1906 1068 ὁμοίως

211 1083 280 1156 δὴ
323 1086 595 1156 δείξομεν,
637 1083 722 1140 ὅτι
760 1090 874 1156 καί,
913 1084 1012 1141 ἐὰν
1045 1088 1123 1150 εἰς
1150 1083 1383 1158 ἄπειρον
1417 1085 1748 1158 ἐκβάλληται
1778 1083 1815 1158 ῆ
1846 1107 1905 1143 τε

211 1178 315 1231 τοῦ
351 1173 541 1230 κώνου
581 1173 879 1246 ἐπιφάνεια
923 1175 1017 1229 καὶ
1055 1173 1118 1230 τὸ
1159 1175 1364 1246 τέμνον
1405 1175 1692 1246 ἐπίπεδον,
1738 1175 1830 1231 καὶ
1869 1168 1905 1247 ἧ
1980 1175 1982 1179 ’

211 1269 342 1319 ΜΔ
354 1269 523 1319 ΖΕΝ
561 1263 700 1335 τομὴ
742 1267 820 1329 εἰς
857 1262 1093 1336 ἄπειρον
1134 1262 1526 1335 αὐξηθήσεται.

320 1354 412 1409 καὶ
461 1353 738 1426 φανερόν,
791 1351 874 1409 ὅτι
920 1353 1069 1427 πάσῃ
1116 1357 1182 1426 τῇ
1234 1357 1468 1427 δοθείσῃ
1525 1351 1721 1428 εὐθείᾳ
1775 1361 1906 1426 ἴσην

123 1454 178 1495 15
213 1441 563 1515 ἀπολήψεταί
589 1464 672 1508 τις
702 1440 812 1499 άπὸ
838 1446 934 1515 τῆς
958 1449 1059 1498 ΖΘ
1092 1441 1317 1509 εὐθείας
1339 1443 1480 1516 πρὸς
1500 1445 1579 1520 τῷ
1605 1449 1651 1499 Ζ
1682 1447 1907 1520 σημείῳ.

1869 1535 1911 1558 hc

212 1531 310 1588 ἐὰν
341 1532 447 1605 γὰρ
480 1535 546 1606 τῇ
586 1536 820 1606 δοθείσῃ
853 1539 982 1604 ἴσην
1005 1536 1201 1604 θῶμεν
1232 1531 1337 1602 τὴν
1363 1534 1467 1596 ΖΞ
1492 1533 1586 1588 καὶ
1618 1530 1713 1589 διὰ
1735 1537 1838 1589 τοῦ
1860 1553 1905 1596 ,2⁴4
1975 1581 1976 1584 ,

209 1625 275 1695 τῇ
318 1628 435 1677 ΛΕ
470 1621 834 1693 παράλληλον
872 1619 1194 1693 ἀγάγωμεν,
1244 1633 1603 1694 συμπεσεῖται
1640 1623 1708 1695 τῇ
1746 1625 1906 1695 τομῇ,

212 1709 395 1781 ὥσπερ
442 1711 535 1765 καὶ
581 1709 614 1781 ἡ
669 1710 761 1766 διὰ
807 1713 911 1765 τοῦ
957 1716 1004 1765 Θ
1050 1709 1356 1782 ἀπεδείχθη
1406 1715 1794 1781 συμπίπτουσα
1839 1713 1906 1785 τῇ

211 1804 351 1873 τομῇ
391 1800 528 1854 κατὰ
566 1797 633 1853 τὰ
673 1805 763 1869 Μ,
795 1804 862 1854 Ν
900 1811 1119 1870 σημεῖα·
1171 1798 1310 1855 ὥστε
1350 1799 1547 1869 ἅγεταί
1577 1821 1661 1864 τις
1706 1797 1903 1856 εὐθεῖα
1942 1819 1943 1823 ’

123 1900 180 1940 20
215 1894 606 1960 συμπίπτουσα
645 1890 710 1960 τῇ
749 1890 889 1960 τομῇ
929 1889 1283 1960 παράλληλος
1324 1881 1466 1945 οὖσα
1504 1892 1569 1962 τῇ
1610 1895 1729 1944 ΔΕ
1770 1887 1905 1945 ἄπο-

213 1977 579 2048 λαμβάνουσα
629 1975 736 2032 άπὸ
784 1980 881 2048 τῆς
929 1983 1048 2033 ΖΗ
1088 1977 1321 2034 εὐθεῖαν
1377 1986 1506 2050 ἴσην
1551 1981 1618 2053 τῇ
1667 1981 1902 2052 δοθείσῃ

215 2065 353 2135 πρὸς
390 2070 464 2142 τῷ
507 2073 551 2122 Ζ
594 2070 816 2140 σημείῳ.

1018 2184 1100 2242 θ’.

321 2287 451 2345 Ἐὰν
475 2292 655 2354 κῶνος
680 2284 916 2363 ἐπιπέδῳ
940 2292 1126 2362 τμηθῇ
1153 2293 1521 2360 συμπίπτοντι
1545 2289 1648 2361 μὲν
1677 2290 1904 2364 ἑκατέρᾳ
1959 2331 1967 2363 ,›

123 2392 179 2432 25
214 2384 424 2452 πλευρᾷ
470 2380 572 2433 τοῦ
620 2375 714 2433 διὰ
754 2381 855 2433 τοῦ
894 2377 1094 2444 ἄξονος
1131 2377 1433 2450 τριγώνου,
1481 2378 1615 2450 μήτε
1655 2378 1717 2435 δὲ
1754 2376 1904 2450 παρὰ

214 2466 316 2538 τὴν
356 2466 525 2538 βάσιν
559 2465 780 2542 ἠγμένῳ
813 2466 947 2538 μήτε
978 2464 1338 2538 ὑπεναντίως,
1378 2465 1413 2539 ῆ
1444 2466 1583 2539 τομὴ
1618 2464 1720 2523 οὐκ
1751 2472 1903 2524 ἔσται

210 2555 425 2621 κύκλος.

327 2650 463 2700 ἔστω
504 2647 700 2714 κῶνος,
741 2636 809 2699 οὗ
847 2644 1068 2716 κορυφὴ
1109 2645 1211 2716 μὲν
1249 2644 1310 2701 τὸ
1352 2653 1405 2700 Α
1443 2656 1701 2717 σημεῖον,
1741 2644 1903 2716 βάσις

216 2734 277 2790 δὲ
325 2733 354 2790 ὁ
402 2739 514 2789 ΒΓ
561 2734 783 2804 κύκλος,
836 2733 927 2787 καὶ
982 2733 1275 2806 τετμήσθω
1326 2734 1562 2809 ἐπιπέδῳ
1608 2733 1719 2790 τινὶ
1766 2732 1903 2806 μήτε

332 2887 372 2928 2.
405 2882 595 2942 ΜΘΝ]
629 2896 674 2939 p,
708 2883 874 2926 ΘΜΝ
900 2881 956 2926 V.
1078 2886 1117 2926 6.
1150 2882 1313 2941 τομῆς]
1347 2896 1426 2939 cp,
1458 2882 1574 2941 τομῇ
1607 2881 1661 2926 V.

1972 1528 1977 1560 ³

1946 2456 1967 2491 ἵ
