1942 3172
625 121 985 168 comooRUM
1014 124 1196 166 LIBER
1225 125 1262 167 1.
1531 176 1534 179 ,
1726 119 1795 171 19

220 252 292 304 sit
341 266 507 302 conus
555 245 826 314 obliqum,
881 243 1029 296 cuius
1076 244 1262 294 uertex
1309 242 1379 294 sit
1426 245 1478 293 A
1524 242 1797 308 punctum,

108 340 254 394 basis
303 341 480 393 autem
520 334 746 388 circulus
786 334 917 401 ΒΓ,
966 334 1020 383 et
1057 348 1155 399 per
1193 348 1346 383 axem
1390 331 1599 382 secetur
1637 329 1797 397 plano

685 421 752 473 ad
795 419 1054 476 circulum
1093 420 1202 470 ΒΓ
1239 417 1694 487 perpendiculari,
1746 419 1800 468 et

683 509 789 562 hoc
853 508 1146 562 sectionem
1209 507 1407 560 efficiat
1441 505 1798 575 'triangulum

685 598 858 649 ΑΒΓ
906 597 1078 665 [prop.
1125 594 1246 661 III].
1329 595 1437 647 iam
1486 595 1650 647 etiam
1691 593 1798 646 alio

363 751 384 782 ,¹
442 533 609 816 {s
684 686 848 754 plano
899 687 1107 737 secetur
1154 684 1221 736 ad
1266 683 1598 752 triangulum
1638 683 1806 734 ΑΒΓ

627 817 630 819 .
686 773 1130 843 perpendiculari,
1169 772 1310 842 quod
1351 772 1418 823 ad
1449 776 1503 823 A
1540 772 1798 841 punctum

576 871 600 908 ι’
687 863 970 915 abscindat
993 861 1328 930 triangulum
1352 865 1405 912 A
1415 862 1541 911 KH
1569 859 1800 911 similem

685 951 963 1020 triangulo
999 952 1176 1016 ΑΒΓ,
1218 948 1308 1001 sed
1342 967 1368 1001 e
1402 947 1672 1012 contrario
1705 964 1800 1015 po-

689 1039 869 1107 situm,
908 1040 961 1093 h.
1000 1057 1040 1092 6.
1080 1039 1158 1091 ita
1195 1040 1257 1090 ut
1297 1037 1368 1090 sit

928 1133 963 1190 L
987 1133 1039 1180 A
1051 1129 1177 1180 KH
1194 1152 1263 1170 =
1292 1132 1324 1189 L
1349 1131 1401 1179 A
1412 1127 1522 1178 ΒΓ
1519 1168 1529 1179 .

113 1217 167 1267 et
196 1215 251 1267 in
284 1215 564 1285 superficie
597 1216 798 1270 efficiat
842 1218 1135 1270 sectionem
1174 1215 1374 1267 lineam
1409 1216 1599 1266 ΗΘΚ.
1669 1213 1802 1282 dico,

111 1304 310 1357 lineam
341 1307 520 1357 ΗΘΚ
553 1305 809 1357 circulum
854 1324 988 1358 6886.

225 1397 506 1446 sumantur
545 1395 687 1446 enim
726 1394 784 1446 in
822 1395 980 1447 lineis
1021 1396 1212 1461 ΗΘΚ,
1242 1395 1350 1445 ΒΓ
1384 1394 1584 1461 puncta
1624 1390 1803 1458 aliqua

346 803 392 835 A

283 816 421 860 A*

300 1045 367 1087 m
551 1020 606 1060 Γ

0 1503 2 1528 2
112 1484 181 1550 Θ,
213 1484 285 1551 Λ,
333 1485 385 1534 et
432 1501 463 1534 a
507 1483 722 1551 punctis
761 1487 832 1550 Θ,
867 1486 918 1535 Λ
966 1483 1032 1536 ad
1073 1482 1296 1550 planum
1337 1479 1603 1550 trianguli
1642 1479 1810 1530 ΑΒΓ

40 1585 43 1587 ’
114 1560 575 1638 perpendiculares
615 1571 905 1639 ducantur3
948 1571 1139 1623 cadent
1177 1571 1346 1639 igitur
1386 1568 1453 1621 ad
1494 1585 1802 1621 communes

116 1659 381 1712 sectiones
442 1660 729 1728 planorum
795 1659 967 1726 [Eucl.
1029 1658 1107 1711 XI
1169 1658 1268 1711 def.
1325 1659 1400 1725 6].
1490 1657 1684 1709 cadant
1743 1658 1805 1708 ut

116 1750 232 1816 ΖΘ,
257 1750 397 1801 AM.
446 1749 629 1817 itaque
655 1751 769 1817 ΖΘ,
794 1752 846 1800 Λ
854 1752 926 1801 Μ
949 1748 1234 1816 parallelae
1261 1750 1389 1800 sunt
1418 1745 1586 1809 [Eucl.
1611 1743 1702 1812 XI,
1728 1744 1804 1810 6].

117 1836 341 1889 ducatur
370 1836 538 1906 igitur
569 1855 664 1905 per
687 1841 732 1888 Z
763 1840 940 1889 rectae
966 1839 1076 1890 ΒΓ
1091 1836 1352 1905 parallela
1376 1838 1431 1886 A
1444 1837 1560 1886 ΖΕ.
1615 1851 1803 1886 uerum

8 1958 16 1995 2
117 1926 284 1978 etiam
332 1927 434 1977 ΖΘ
479 1928 656 1978 rectae
695 1928 828 1977 AM
870 1926 1134 1994 parallela
1181 1927 1277 1977 est.
1354 1924 1533 1991 itaque
1578 1922 1803 1990 planum

117 2016 384 2066 rectarum
402 2017 516 2083 ΖΘ,
534 2018 588 2065 Δ
601 2018 650 2066 Ε
669 2014 786 2066 basi
813 2014 934 2067 coni
952 2013 1268 2082 parallelum
1286 2015 1368 2064 est
1390 2011 1563 2077 [Euc-l.
1581 2009 1674 2078 XI,
1695 2009 1804 2076 15].

119 2120 283 2170 quare
315 2102 540 2155 circulus
574 2106 670 2169 est,
702 2102 850 2155 cuius
891 2102 1182 2154 diametrus
1218 2103 1299 2153 est
1331 2105 1385 2152 A
1397 2103 1448 2152 E
1482 2100 1651 2167 [prop.
1684 2097 1803 2164 IV].

118 2189 301 2259 itaque
341 2193 423 2243 est
456 2190 628 2257 [Eucl.
663 2190 755 2258 VI,
789 2192 843 2257 8]
884 2195 938 2243 A
950 2195 991 2242 Z
1017 2203 1088 2246 ><
1115 2193 1219 2242 ΖΕ
1242 2215 1310 2232 =
1337 2175 1475 2242 2692.
1545 2191 1597 2240 et
1637 2205 1802 2255 quon-

118 2279 227 2331 iam
265 2282 400 2346 EA,
439 2281 546 2331 ΒΓ
575 2279 864 2348 parallelae
912 2283 1058 2348 sunt,
1097 2279 1198 2330 erit
1229 2282 1262 2339 L
1287 2281 1465 2329 ΑΔΕ
1493 2301 1555 2319 =
1582 2280 1616 2337 L
1639 2276 1813 2327 ΑΒΓ

0 2373 11 2406 ³
122 2366 293 2434 [Eucl.
308 2367 349 2435 Ι,
362 2368 470 2433 29].
494 2385 682 2420 uerum
696 2367 1094 2436 supposuimUS,
1111 2384 1224 2419 esse
1243 2371 1277 2428 L
1291 2371 1342 2418 A
1353 2369 1479 2418 KH
1488 2389 1555 2406 =
1570 2368 1605 2425 L
1618 2368 1670 2415 A
1680 2366 1725 2414 Β
1735 2365 1804 2432 Γ,

123 2474 283 2524 quare
324 2456 485 2507 effiam
521 2459 555 2516 l.
579 2460 631 2508 Α
641 2458 765 2507 ΚΗ
784 2480 852 2499 -π
884 2460 918 2517 L
942 2460 995 2508 A
1006 2459 1131 2508 AE.
1199 2473 1386 2507 uerum
1422 2453 1585 2505 etiam
1618 2451 1804 2521 anguli

19 2576 24 2587 1
124 2543 190 2595 ad
222 2547 267 2595 Z
304 2546 563 2611 punctum
601 2544 766 2612 positi
808 2545 1059 2612 aequales
1093 2546 1216 2595 sunt
1250 2542 1423 2608 [Eucl.
1455 2541 1495 2607 I,
1530 2539 1638 2606 15].
1707 2539 1805 2591 ita-

125 2650 225 2701 que
265 2634 442 2684 AZH
460 2645 535 2683 Ν
558 2634 614 2683 Κ
622 2634 737 2684 ΖΕ.
764 2686 766 2689 ,
818 2650 977 2700 quare
1021 2630 1192 2698 [Eucl.
1224 2630 1319 2698 VI,
1350 2631 1409 2695 4]

618 2722 1309 2772 EZ:ZK=HZ:ZA.

125 2808 306 2877 itaque
367 2811 469 2860 EZ
509 2820 578 2863 ><
622 2811 735 2859 ZA
770 2833 837 2850 =
881 2810 989 2859 KZ
1028 2820 1098 2862 ><
1139 2810 1254 2858 ZH
1312 2805 1483 2871 [Eucl.
1539 2803 1632 2873 VI,
1682 2805 1803 2870 -17].

1480 2978 1539 3021 2²10
