<?xml version="1.0" encoding="UTF-8"?>
<!DOCTYPE html PUBLIC "-//W3C//DTD XHTML 1.0 Transitional//EN"
    "http://www.w3.org/TR/xhtml1/DTD/xhtml1-transitional.dtd">
<html xmlns="http://www.w3.org/1999/xhtml" xml:lang="en" lang="en">
 <head>
  <title>
</title>
<meta http-equiv="Content-Type" content="text/html;charset=utf-8" />
  <meta name='ocr-system' content='tesseract 3.04.00' />
  <meta name='ocr-capabilities' content='ocr_page ocr_carea ocr_par ocr_line ocrx_word'/>
</head>
<body>
  <div class='ocr_page' id='page_1' title='image "apolloniipergaei01apoluoft_0061.png"; bbox 0 0 1982 3178; ppageno 0'>
   <div class='ocr_carea' id='block_1_1' title="bbox 629 82 1786 134">
    <p class='ocr_par' dir='ltr' id='par_1_1' title="bbox 629 82 1786 134">
     <span class='ocr_line' id='line_1_1' title="bbox 629 82 1786 134; baseline 0.008 -11"><span class='ocrx_word' id='word_1_1' title='bbox 629 82 984 124; x_wconf 84' lang='lat' dir='ltr'>CONIGORUM</span> <span class='ocrx_word' id='word_1_2' title='bbox 1014 83 1196 125; x_wconf 86' lang='lat' dir='ltr'>LIBER</span> <span class='ocrx_word' id='word_1_3' title='bbox 1225 84 1260 126; x_wconf 92' lang='grc' dir='ltr'>Ι.</span> <span class='ocrx_word' id='word_1_4' title='bbox 1714 82 1786 134; x_wconf 82' lang='grc'>43</span> 
     </span>
    </p>
   </div>
   <div class='ocr_carea' id='block_1_2' title="bbox 214 201 1787 271">
    <p class='ocr_par' dir='ltr' id='par_1_2' title="bbox 214 201 1787 271">
     <span class='ocr_line' id='line_1_2' title="bbox 214 201 1787 271; baseline 0.001 -17"><span class='ocrx_word' id='word_1_5' title='bbox 214 203 434 254; x_wconf 87' lang='lat' dir='ltr'>uocetur</span> <span class='ocrx_word' id='word_1_6' title='bbox 459 203 637 254; x_wconf 84' lang='lat' dir='ltr'>autem</span> <span class='ocrx_word' id='word_1_7' title='bbox 661 201 788 254; x_wconf 88' lang='lat' dir='ltr'>talis</span> <span class='ocrx_word' id='word_1_8' title='bbox 814 201 979 254; x_wconf 88' lang='lat' dir='ltr'>sectio</span> <span class='ocrx_word' id='word_1_9' title='bbox 1004 202 1286 271; x_wconf 84' lang='lat' dir='ltr'>parabola,</span> <span class='ocrx_word' id='word_1_10' title='bbox 1313 206 1413 255; x_wconf 83' lang='grc' dir='ltr'>ΘΖ</span> <span class='ocrx_word' id='word_1_11' title='bbox 1438 205 1618 255; x_wconf 87' lang='lat' dir='ltr'>autem</span> <span class='ocrx_word' id='word_1_12' title='bbox 1641 206 1787 256; x_wconf 87' lang='lat' dir='ltr'>recta</span> 
     </span>
    </p>
   </div>
   <div class='ocr_carea' id='block_1_3' title="bbox 30 289 1785 358">
    <p class='ocr_par' dir='ltr' id='par_1_3' title="bbox 30 289 1785 358">
     <span class='ocr_line' id='line_1_3' title="bbox 30 289 1785 358; baseline 0.003 -20"><span class='ocrx_word' id='word_1_13' title='bbox 30 335 31 338; x_wconf 76' lang='grc'>,</span> <span class='ocrx_word' id='word_1_14' title='bbox 104 292 441 358; x_wconf 86' lang='lat' dir='ltr'>parametrus</span> <span class='ocrx_word' id='word_1_15' title='bbox 479 293 746 342; x_wconf 90' lang='lat' dir='ltr'>rectarum</span> <span class='ocrx_word' id='word_1_16' title='bbox 788 289 854 342; x_wconf 91' lang='lat' dir='ltr'>ad</span> <span class='ocrx_word' id='word_1_17' title='bbox 889 293 1005 341; x_wconf 93' lang='lat' dir='ltr'>ZH</span> <span class='ocrx_word' id='word_1_18' title='bbox 1037 290 1355 343; x_wconf 72' lang='lat' dir='ltr'><strong>diametrum</strong></span> <span class='ocrx_word' id='word_1_19' title='bbox 1388 291 1631 344; x_wconf 88' lang='lat' dir='ltr'>ordinate</span> <span class='ocrx_word' id='word_1_20' title='bbox 1664 291 1785 344; x_wconf 91' lang='lat' dir='ltr'>duc-</span> 
     </span>
    </p>
   </div>
   <div class='ocr_carea' id='block_1_4' title="bbox 0 0 42 950">
    <p class='ocr_par' dir='ltr' id='par_1_4' title="bbox 0 0 42 950">
     <span class='ocr_line' id='line_1_4' title="bbox 0 0 42 950; baseline 0 0"><span class='ocrx_word' id='word_1_21' title='bbox 0 0 42 950; x_wconf 95' lang='lat' dir='ltr'> </span> 
     </span>
    </p>
   </div>
   <div class='ocr_carea' id='block_1_5' title="bbox 17 377 1426 447">
    <p class='ocr_par' dir='ltr' id='par_1_5' title="bbox 17 377 1426 447">
     <span class='ocr_line' id='line_1_5' title="bbox 17 377 1426 447; baseline 0.002 -18"><span class='ocrx_word' id='word_1_22' title='bbox 17 410 24 447; x_wconf 55' lang='lat'>²⁸</span> <span class='ocrx_word' id='word_1_23' title='bbox 105 380 305 447; x_wconf 82' lang='lat' dir='ltr'>tarum,</span> <span class='ocrx_word' id='word_1_24' title='bbox 342 377 564 431; x_wconf 73' lang='lat' dir='ltr'>uocetur</span> <span class='ocrx_word' id='word_1_25' title='bbox 603 380 781 430; x_wconf 87' lang='lat' dir='ltr'>autem</span> <span class='ocrx_word' id='word_1_26' title='bbox 822 378 985 430; x_wconf 89' lang='lat' dir='ltr'>etiam</span> <span class='ocrx_word' id='word_1_27' title='bbox 1024 378 1167 430; x_wconf 90' lang='lat' dir='ltr'>latus</span> <span class='ocrx_word' id='word_1_28' title='bbox 1207 383 1426 433; x_wconf 87' lang='lat' dir='ltr'>rectum.</span> 
     </span>
    </p>
   </div>
   <div class='ocr_carea' id='block_1_6' title="bbox 887 540 1007 592">
    <p class='ocr_par' dir='ltr' id='par_1_6' title="bbox 887 540 1007 592">
     <span class='ocr_line' id='line_1_6' title="bbox 887 540 1007 592; baseline 0 0"><span class='ocrx_word' id='word_1_29' title='bbox 887 540 1007 592; x_wconf 81' lang='lat' dir='ltr'>XII.</span> 
     </span>
    </p>
   </div>
   <div class='ocr_carea' id='block_1_7' title="bbox 107 642 1788 803">
    <p class='ocr_par' dir='ltr' id='par_1_7' title="bbox 107 642 1788 803">
     <span class='ocr_line' id='line_1_7' title="bbox 217 642 1787 712; baseline 0.001 -15"><span class='ocrx_word' id='word_1_30' title='bbox 217 642 273 697; x_wconf 84' lang='lat' dir='ltr'>Si</span> <span class='ocrx_word' id='word_1_31' title='bbox 320 662 485 697; x_wconf 90' lang='lat' dir='ltr'>conus</span> <span class='ocrx_word' id='word_1_32' title='bbox 532 662 628 712; x_wconf 88' lang='lat' dir='ltr'>per</span> <span class='ocrx_word' id='word_1_33' title='bbox 673 662 826 696; x_wconf 84' lang='lat' dir='ltr'>axem</span> <span class='ocrx_word' id='word_1_34' title='bbox 866 645 1027 712; x_wconf 89' lang='lat' dir='ltr'>plano</span> <span class='ocrx_word' id='word_1_35' title='bbox 1070 646 1304 712; x_wconf 84' lang='lat' dir='ltr'>secatur,</span> <span class='ocrx_word' id='word_1_36' title='bbox 1358 647 1569 697; x_wconf 88' lang='lat' dir='ltr'>secatur</span> <span class='ocrx_word' id='word_1_37' title='bbox 1609 648 1787 698; x_wconf 90' lang='lat' dir='ltr'>autem</span> 
     </span>
     <span class='ocr_line' id='line_1_8' title="bbox 107 732 1788 803; baseline 0.001 -18"><span class='ocrx_word' id='word_1_38' title='bbox 107 732 213 785; x_wconf 87' lang='lat' dir='ltr'>alio</span> <span class='ocrx_word' id='word_1_39' title='bbox 252 750 462 803; x_wconf 88' lang='lat' dir='ltr'>quoque</span> <span class='ocrx_word' id='word_1_40' title='bbox 501 734 678 801; x_wconf 83' lang='lat' dir='ltr'>plan0‚</span> <span class='ocrx_word' id='word_1_41' title='bbox 719 732 859 800; x_wconf 90' lang='lat' dir='ltr'>quod</span> <span class='ocrx_word' id='word_1_42' title='bbox 898 732 1071 802; x_wconf 82' lang='lat' dir='ltr'>basim</span> <span class='ocrx_word' id='word_1_43' title='bbox 1111 732 1234 786; x_wconf 89' lang='lat' dir='ltr'>coni</span> <span class='ocrx_word' id='word_1_44' title='bbox 1267 732 1554 785; x_wconf 90' lang='lat' dir='ltr'>secundum</span> <span class='ocrx_word' id='word_1_45' title='bbox 1586 736 1788 786; x_wconf 89' lang='lat' dir='ltr'>rectam</span> 
     </span>
    </p>
   </div>
   <div class='ocr_carea' id='block_1_8' title="bbox 109 820 1788 890">
    <p class='ocr_par' dir='ltr' id='par_1_8' title="bbox 8 820 1788 890">
     <span class='ocr_line' id='line_1_9' title="bbox 109 820 1788 890; baseline 0.001 -16.943"><span class='ocrx_word' id='word_1_46' title='bbox 109 824 256 874; x_wconf 87' lang='lat' dir='ltr'>secat</span> <span class='ocrx_word' id='word_1_47' title='bbox 298 821 364 873; x_wconf 91' lang='lat' dir='ltr'>ad</span> <span class='ocrx_word' id='word_1_48' title='bbox 402 820 576 874; x_wconf 92' lang='lat' dir='ltr'>basim</span> <span class='ocrx_word' id='word_1_49' title='bbox 616 821 874 890; x_wconf 87' lang='lat' dir='ltr'>trianguli</span> <span class='ocrx_word' id='word_1_50' title='bbox 913 838 1008 889; x_wconf 91' lang='lat' dir='ltr'>per</span> <span class='ocrx_word' id='word_1_51' title='bbox 1047 839 1201 873; x_wconf 87' lang='lat' dir='ltr'>axem</span> <span class='ocrx_word' id='word_1_52' title='bbox 1240 820 1406 889; x_wconf 89' lang='lat' dir='ltr'>positi</span> <span class='ocrx_word' id='word_1_53' title='bbox 1444 821 1788 889; x_wconf 86' lang='lat' dir='ltr'>perpendicu-</span> 
     </span>
    </p>
   </div>
   <div class='ocr_carea' id='block_1_9' title="bbox 105 909 1790 1333">
    <p class='ocr_par' dir='ltr' id='par_1_9' title="bbox 105 909 1790 1333">
     <span class='ocr_line' id='line_1_10' title="bbox 108 909 1789 979; baseline 0.001 -17"><span class='ocrx_word' id='word_1_54' title='bbox 108 909 308 979; x_wconf 82' lang='lat' dir='ltr'>larem,</span> <span class='ocrx_word' id='word_1_55' title='bbox 371 912 423 962; x_wconf 90' lang='lat' dir='ltr'>et</span> <span class='ocrx_word' id='word_1_56' title='bbox 476 910 767 963; x_wconf 76' lang='lat' dir='ltr'><strong>diametrus</strong></span> <span class='ocrx_word' id='word_1_57' title='bbox 824 909 1076 962; x_wconf 73' lang='lat' dir='ltr'>sectionis</span> <span class='ocrx_word' id='word_1_58' title='bbox 1129 910 1393 979; x_wconf 85' lang='lat' dir='ltr'>producta</span> <span class='ocrx_word' id='word_1_59' title='bbox 1446 927 1566 962; x_wconf 91' lang='lat' dir='ltr'>cum</span> <span class='ocrx_word' id='word_1_60' title='bbox 1620 910 1789 963; x_wconf 89' lang='lat' dir='ltr'>latere</span> 
     </span>
     <span class='ocr_line' id='line_1_11' title="bbox 113 997 1790 1068; baseline 0.001 -18"><span class='ocrx_word' id='word_1_61' title='bbox 113 998 292 1068; x_wconf 90' lang='lat' dir='ltr'>aliquo</span> <span class='ocrx_word' id='word_1_62' title='bbox 338 998 598 1068; x_wconf 74' lang='lat' dir='ltr'>trianguli</span> <span class='ocrx_word' id='word_1_63' title='bbox 643 1017 737 1068; x_wconf 88' lang='lat' dir='ltr'>per</span> <span class='ocrx_word' id='word_1_64' title='bbox 784 1015 936 1050; x_wconf 84' lang='lat' dir='ltr'><strong>axem</strong></span> <span class='ocrx_word' id='word_1_65' title='bbox 974 998 1142 1066; x_wconf 87' lang='lat' dir='ltr'>positi</span> <span class='ocrx_word' id='word_1_66' title='bbox 1181 1000 1334 1050; x_wconf 84' lang='lat' dir='ltr'>extra</span> <span class='ocrx_word' id='word_1_67' title='bbox 1372 997 1629 1050; x_wconf 87' lang='lat' dir='ltr'>uerticem</span> <span class='ocrx_word' id='word_1_68' title='bbox 1669 999 1790 1051; x_wconf 88' lang='lat' dir='ltr'>coni</span> 
     </span>
     <span class='ocr_line' id='line_1_12' title="bbox 110 1086 1790 1157; baseline 0.001 -18"><span class='ocrx_word' id='word_1_69' title='bbox 110 1088 404 1155; x_wconf 74' lang='lat' dir='ltr'>concurrit,</span> <span class='ocrx_word' id='word_1_70' title='bbox 459 1087 725 1157; x_wconf 87' lang='lat' dir='ltr'>quaelibet</span> <span class='ocrx_word' id='word_1_71' title='bbox 778 1089 951 1155; x_wconf 85' lang='lat' dir='ltr'>recta,</span> <span class='ocrx_word' id='word_1_72' title='bbox 1010 1105 1143 1155; x_wconf 89' lang='lat' dir='ltr'>quae</span> <span class='ocrx_word' id='word_1_73' title='bbox 1199 1106 1230 1138; x_wconf 93' lang='lat' dir='ltr'>a</span> <span class='ocrx_word' id='word_1_74' title='bbox 1285 1087 1521 1140; x_wconf 82' lang='lat' dir='ltr'>sectione</span> <span class='ocrx_word' id='word_1_75' title='bbox 1579 1086 1790 1140; x_wconf 87' lang='lat' dir='ltr'>ducitur</span> 
     </span>
     <span class='ocr_line' id='line_1_13' title="bbox 105 1175 1790 1247; baseline 0 -19"><span class='ocrx_word' id='word_1_76' title='bbox 105 1176 369 1244; x_wconf 88' lang='lat' dir='ltr'>parallela</span> <span class='ocrx_word' id='word_1_77' title='bbox 401 1175 667 1229; x_wconf 92' lang='lat' dir='ltr'>communi</span> <span class='ocrx_word' id='word_1_78' title='bbox 700 1175 925 1228; x_wconf 90' lang='lat' dir='ltr'>sectioni</span> <span class='ocrx_word' id='word_1_79' title='bbox 948 1176 1097 1244; x_wconf 88' lang='lat' dir='ltr'>plani</span> <span class='ocrx_word' id='word_1_80' title='bbox 1122 1176 1351 1228; x_wconf 89' lang='lat' dir='ltr'>secantis</span> <span class='ocrx_word' id='word_1_81' title='bbox 1374 1176 1628 1245; x_wconf 85' lang='lat' dir='ltr'>basisque</span> <span class='ocrx_word' id='word_1_82' title='bbox 1654 1176 1790 1247; x_wconf 82' lang='lat' dir='ltr'>coni,</span> 
     </span>
     <span class='ocr_line' id='line_1_14' title="bbox 107 1264 1790 1333; baseline 0.001 -17"><span class='ocrx_word' id='word_1_83' title='bbox 107 1265 174 1316; x_wconf 90' lang='lat' dir='ltr'>ad</span> <span class='ocrx_word' id='word_1_84' title='bbox 214 1265 534 1317; x_wconf 86' lang='lat' dir='ltr'>diametrum</span> <span class='ocrx_word' id='word_1_85' title='bbox 574 1264 824 1318; x_wconf 84' lang='lat' dir='ltr'>sectionis</span> <span class='ocrx_word' id='word_1_86' title='bbox 867 1268 1081 1333; x_wconf 88' lang='lat' dir='ltr'>sumpta</span> <span class='ocrx_word' id='word_1_87' title='bbox 1119 1264 1381 1333; x_wconf 86' lang='lat' dir='ltr'>quadrata</span> <span class='ocrx_word' id='word_1_88' title='bbox 1417 1265 1654 1333; x_wconf 88' lang='lat' dir='ltr'>aequalis</span> <span class='ocrx_word' id='word_1_89' title='bbox 1687 1265 1790 1317; x_wconf 88' lang='lat' dir='ltr'>erit</span> 
     </span>
    </p>
   </div>
   <div class='ocr_carea' id='block_1_10' title="bbox 12 1353 1789 1422">
    <p class='ocr_par' dir='ltr' id='par_1_10' title="bbox 12 1353 1789 1422">
     <span class='ocr_line' id='line_1_15' title="bbox 12 1353 1789 1422; baseline -0.001 -17"><span class='ocrx_word' id='word_1_90' title='bbox 12 1375 13 1381; x_wconf 49' lang='lat'>¹</span> <span class='ocrx_word' id='word_1_91' title='bbox 108 1354 284 1421; x_wconf 84' lang='lat' dir='ltr'>spatio</span> <span class='ocrx_word' id='word_1_92' title='bbox 348 1354 557 1406; x_wconf 90' lang='lat' dir='ltr'>cuidam</span> <span class='ocrx_word' id='word_1_93' title='bbox 610 1355 788 1406; x_wconf 86' lang='lat' dir='ltr'>rectae</span> <span class='ocrx_word' id='word_1_94' title='bbox 844 1354 1141 1422; x_wconf 85' lang='lat' dir='ltr'>adplicatO,</span> <span class='ocrx_word' id='word_1_95' title='bbox 1195 1353 1262 1405; x_wconf 93' lang='lat' dir='ltr'>ad</span> <span class='ocrx_word' id='word_1_96' title='bbox 1318 1371 1478 1421; x_wconf 91' lang='lat' dir='ltr'>quam</span> <span class='ocrx_word' id='word_1_97' title='bbox 1530 1356 1677 1406; x_wconf 88' lang='lat' dir='ltr'>recta</span> <span class='ocrx_word' id='word_1_98' title='bbox 1730 1354 1789 1405; x_wconf 94' lang='lat' dir='ltr'>in</span> 
     </span>
    </p>
   </div>
   <div class='ocr_carea' id='block_1_11' title="bbox 41 1441 1799 2747">
    <p class='ocr_par' dir='ltr' id='par_1_11' title="bbox 41 1441 1791 2306">
     <span class='ocr_line' id='line_1_16' title="bbox 107 1441 1789 1511; baseline -0.001 -18"><span class='ocrx_word' id='word_1_99' title='bbox 107 1442 368 1511; x_wconf 88' lang='lat' dir='ltr'>producta</span> <span class='ocrx_word' id='word_1_100' title='bbox 407 1441 666 1509; x_wconf 86' lang='lat' dir='ltr'>diametro</span> <span class='ocrx_word' id='word_1_101' title='bbox 707 1442 957 1494; x_wconf 91' lang='lat' dir='ltr'>sectionis</span> <span class='ocrx_word' id='word_1_102' title='bbox 996 1441 1200 1510; x_wconf 87' lang='lat' dir='ltr'>posita,</span> <span class='ocrx_word' id='word_1_103' title='bbox 1244 1441 1569 1493; x_wconf 89' lang='lat' dir='ltr'>subtendens</span> <span class='ocrx_word' id='word_1_104' title='bbox 1610 1445 1789 1493; x_wconf 90' lang='lat' dir='ltr'>autem</span> 
     </span>
     <span class='ocr_line' id='line_1_17' title="bbox 41 1529 1789 1599; baseline 0 -17"><span class='ocrx_word' id='word_1_105' title='bbox 41 1550 43 1553; x_wconf 54' lang='lat'><strong><em>¹</em></strong></span> <span class='ocrx_word' id='word_1_106' title='bbox 108 1530 206 1582; x_wconf 90' lang='lat' dir='ltr'>sub</span> <span class='ocrx_word' id='word_1_107' title='bbox 270 1531 470 1599; x_wconf 86' lang='lat' dir='ltr'>angulo</span> <span class='ocrx_word' id='word_1_108' title='bbox 531 1530 792 1599; x_wconf 84' lang='lat' dir='ltr'>trianguli</span> <span class='ocrx_word' id='word_1_109' title='bbox 855 1530 1184 1582; x_wconf 82' lang='lat' dir='ltr'>extrinsecus</span> <span class='ocrx_word' id='word_1_110' title='bbox 1245 1529 1456 1598; x_wconf 67' lang='lat' dir='ltr'>posim,</span> <span class='ocrx_word' id='word_1_111' title='bbox 1525 1530 1789 1582; x_wconf 90' lang='lat' dir='ltr'>rationem</span> 
     </span>
     <span class='ocr_line' id='line_1_18' title="bbox 109 1617 1790 1687; baseline 0 -17"><span class='ocrx_word' id='word_1_112' title='bbox 109 1618 291 1687; x_wconf 88' lang='lat' dir='ltr'>habet,</span> <span class='ocrx_word' id='word_1_113' title='bbox 325 1637 486 1687; x_wconf 88' lang='lat' dir='ltr'>quam</span> <span class='ocrx_word' id='word_1_114' title='bbox 519 1618 838 1687; x_wconf 86' lang='lat' dir='ltr'>quadratum</span> <span class='ocrx_word' id='word_1_115' title='bbox 870 1621 1044 1670; x_wconf 89' lang='lat' dir='ltr'>rectae</span> <span class='ocrx_word' id='word_1_116' title='bbox 1077 1636 1107 1669; x_wconf 89' lang='lat' dir='ltr'>a</span> <span class='ocrx_word' id='word_1_117' title='bbox 1138 1617 1338 1669; x_wconf 90' lang='lat' dir='ltr'>uertice</span> <span class='ocrx_word' id='word_1_118' title='bbox 1372 1617 1491 1669; x_wconf 92' lang='lat' dir='ltr'>coni</span> <span class='ocrx_word' id='word_1_119' title='bbox 1524 1618 1589 1669; x_wconf 91' lang='lat' dir='ltr'>ad</span> <span class='ocrx_word' id='word_1_120' title='bbox 1613 1618 1790 1670; x_wconf 90' lang='lat' dir='ltr'>basim</span> 
     </span>
     <span class='ocr_line' id='line_1_19' title="bbox 108 1706 1790 1776; baseline 0.001 -18"><span class='ocrx_word' id='word_1_121' title='bbox 108 1707 367 1776; x_wconf 85' lang='lat' dir='ltr'>trianguli</span> <span class='ocrx_word' id='word_1_122' title='bbox 408 1707 669 1760; x_wconf 88' lang='lat' dir='ltr'>diametro</span> <span class='ocrx_word' id='word_1_123' title='bbox 711 1706 964 1759; x_wconf 87' lang='lat' dir='ltr'>sectionis</span> <span class='ocrx_word' id='word_1_124' title='bbox 1005 1706 1295 1775; x_wconf 89' lang='lat' dir='ltr'>parallelae</span> <span class='ocrx_word' id='word_1_125' title='bbox 1338 1706 1526 1759; x_wconf 89' lang='lat' dir='ltr'>ductae</span> <span class='ocrx_word' id='word_1_126' title='bbox 1559 1706 1625 1758; x_wconf 93' lang='lat' dir='ltr'>ad</span> <span class='ocrx_word' id='word_1_127' title='bbox 1657 1711 1790 1760; x_wconf 90' lang='lat' dir='ltr'>rect-</span> 
     </span>
     <span class='ocr_line' id='line_1_20' title="bbox 110 1794 1791 1865; baseline -0.001 -18"><span class='ocrx_word' id='word_1_128' title='bbox 110 1795 367 1865; x_wconf 89' lang='lat' dir='ltr'>angulum</span> <span class='ocrx_word' id='word_1_129' title='bbox 423 1795 866 1865; x_wconf 87' lang='lat' dir='ltr'>comprehensum</span> <span class='ocrx_word' id='word_1_130' title='bbox 918 1794 1162 1862; x_wconf 88' lang='lat' dir='ltr'>partibus</span> <span class='ocrx_word' id='word_1_131' title='bbox 1217 1795 1385 1863; x_wconf 80' lang='lat' dir='ltr'>basis,</span> <span class='ocrx_word' id='word_1_132' title='bbox 1440 1812 1571 1863; x_wconf 89' lang='lat' dir='ltr'>quas</span> <span class='ocrx_word' id='word_1_133' title='bbox 1625 1794 1791 1847; x_wconf 85' lang='lat' dir='ltr'>efficit</span> 
     </span>
     <span class='ocr_line' id='line_1_21' title="bbox 107 1883 1790 1952; baseline -0.001 -16"><span class='ocrx_word' id='word_1_134' title='bbox 107 1887 254 1936; x_wconf 87' lang='lat' dir='ltr'>recta</span> <span class='ocrx_word' id='word_1_135' title='bbox 317 1884 503 1952; x_wconf 88' lang='lat' dir='ltr'>ducta,</span> <span class='ocrx_word' id='word_1_136' title='bbox 563 1883 904 1936; x_wconf 85' lang='lat' dir='ltr'>latitudinem</span> <span class='ocrx_word' id='word_1_137' title='bbox 965 1883 1171 1935; x_wconf 89' lang='lat' dir='ltr'>habens</span> <span class='ocrx_word' id='word_1_138' title='bbox 1230 1885 1432 1935; x_wconf 84' lang='lat' dir='ltr'>rectam</span> <span class='ocrx_word' id='word_1_139' title='bbox 1488 1884 1554 1936; x_wconf 92' lang='lat' dir='ltr'>ab</span> <span class='ocrx_word' id='word_1_140' title='bbox 1610 1901 1672 1935; x_wconf 89' lang='lat' dir='ltr'>ea</span> <span class='ocrx_word' id='word_1_141' title='bbox 1727 1901 1790 1935; x_wconf 86' lang='lat' dir='ltr'>ex</span> 
     </span>
     <span class='ocr_line' id='line_1_22' title="bbox 110 1971 1789 2046; baseline -0.001 -22"><span class='ocrx_word' id='word_1_142' title='bbox 110 1973 370 2026; x_wconf 87' lang='lat' dir='ltr'>diametro</span> <span class='ocrx_word' id='word_1_143' title='bbox 434 1972 500 2025; x_wconf 93' lang='lat' dir='ltr'>ad</span> <span class='ocrx_word' id='word_1_144' title='bbox 555 1972 811 2024; x_wconf 89' lang='lat' dir='ltr'>uerticem</span> <span class='ocrx_word' id='word_1_145' title='bbox 866 1972 1119 2024; x_wconf 90' lang='lat' dir='ltr'>sectionis</span> <span class='ocrx_word' id='word_1_146' title='bbox 1176 1972 1471 2038; x_wconf 83' lang='lat' dir='ltr'>abscisam,</span> <span class='ocrx_word' id='word_1_147' title='bbox 1517 1971 1789 2046; x_wconf 55' lang='lat' dir='ltr'>⁴excedens</span> 
     </span>
     <span class='ocr_line' id='line_1_23' title="bbox 108 2060 1788 2130; baseline -0.001 -18"><span class='ocrx_word' id='word_1_148' title='bbox 108 2061 281 2130; x_wconf 88' lang='lat' dir='ltr'>figura</span> <span class='ocrx_word' id='word_1_149' title='bbox 306 2061 468 2114; x_wconf 89' lang='lat' dir='ltr'>simili</span> <span class='ocrx_word' id='word_1_150' title='bbox 493 2061 841 2128; x_wconf 81' lang='lat' dir='ltr'>similiterque</span> <span class='ocrx_word' id='word_1_151' title='bbox 867 2061 1043 2128; x_wconf 90' lang='lat' dir='ltr'>posita</span> <span class='ocrx_word' id='word_1_152' title='bbox 1066 2061 1379 2130; x_wconf 89' lang='lat' dir='ltr'>rectangulo</span> <span class='ocrx_word' id='word_1_153' title='bbox 1405 2060 1788 2128; x_wconf 86' lang='lat' dir='ltr'>comprehenso</span> 
     </span>
     <span class='ocr_line' id='line_1_24' title="bbox 110 2148 1791 2219; baseline 0 -19"><span class='ocrx_word' id='word_1_154' title='bbox 110 2153 254 2202; x_wconf 85' lang='lat' dir='ltr'>recta</span> <span class='ocrx_word' id='word_1_155' title='bbox 279 2149 377 2201; x_wconf 90' lang='lat' dir='ltr'>sub</span> <span class='ocrx_word' id='word_1_156' title='bbox 404 2149 599 2219; x_wconf 90' lang='lat' dir='ltr'>angulo</span> <span class='ocrx_word' id='word_1_157' title='bbox 623 2148 884 2217; x_wconf 89' lang='lat' dir='ltr'>trianguli</span> <span class='ocrx_word' id='word_1_158' title='bbox 903 2149 1231 2201; x_wconf 88' lang='lat' dir='ltr'>extrinsecus</span> <span class='ocrx_word' id='word_1_159' title='bbox 1249 2150 1428 2218; x_wconf 87' lang='lat' dir='ltr'>posito</span> <span class='ocrx_word' id='word_1_160' title='bbox 1449 2148 1791 2201; x_wconf 88' lang='lat' dir='ltr'>subtendenti</span> 
     </span>
     <span class='ocr_line' id='line_1_25' title="bbox 111 2236 1791 2306; baseline -0.001 -17"><span class='ocrx_word' id='word_1_161' title='bbox 111 2239 544 2306; x_wconf 81' lang='lat' dir='ltr'>parametroque3</span> <span class='ocrx_word' id='word_1_162' title='bbox 584 2240 806 2290; x_wconf 90' lang='lat' dir='ltr'>uocetur</span> <span class='ocrx_word' id='word_1_163' title='bbox 845 2238 1024 2288; x_wconf 90' lang='lat' dir='ltr'>autem</span> <span class='ocrx_word' id='word_1_164' title='bbox 1063 2236 1187 2288; x_wconf 88' lang='lat' dir='ltr'>talis</span> <span class='ocrx_word' id='word_1_165' title='bbox 1221 2236 1386 2289; x_wconf 85' lang='lat' dir='ltr'>sectio</span> <span class='ocrx_word' id='word_1_166' title='bbox 1419 2236 1791 2306; x_wconf 84' lang='lat' dir='ltr'>hyperbola.</span> 
     </span>
    </p>

    <p class='ocr_par' dir='ltr' id='par_1_12' title="bbox 111 2325 1799 2747">
     <span class='ocr_line' id='line_1_26' title="bbox 221 2325 1790 2393; baseline -0.001 -15"><span class='ocrx_word' id='word_1_167' title='bbox 221 2326 291 2378; x_wconf 90' lang='lat' dir='ltr'>sit</span> <span class='ocrx_word' id='word_1_168' title='bbox 324 2344 504 2391; x_wconf 78' lang='lat' dir='ltr'>conUS‚</span> <span class='ocrx_word' id='word_1_169' title='bbox 545 2325 692 2378; x_wconf 91' lang='lat' dir='ltr'>cuius</span> <span class='ocrx_word' id='word_1_170' title='bbox 723 2329 908 2378; x_wconf 87' lang='lat' dir='ltr'>uertex</span> <span class='ocrx_word' id='word_1_171' title='bbox 941 2325 1010 2376; x_wconf 91' lang='lat' dir='ltr'>sit</span> <span class='ocrx_word' id='word_1_172' title='bbox 1041 2330 1092 2376; x_wconf 91' lang='lat' dir='ltr'><em>A</em></span> <span class='ocrx_word' id='word_1_173' title='bbox 1121 2328 1394 2393; x_wconf 87' lang='lat' dir='ltr'>punctum,</span> <span class='ocrx_word' id='word_1_174' title='bbox 1431 2325 1576 2377; x_wconf 90' lang='lat' dir='ltr'>basis</span> <span class='ocrx_word' id='word_1_175' title='bbox 1610 2328 1790 2377; x_wconf 88' lang='lat' dir='ltr'>autem</span> 
     </span>
     <span class='ocr_line' id='line_1_27' title="bbox 111 2413 1789 2482; baseline -0.001 -16"><span class='ocrx_word' id='word_1_176' title='bbox 111 2413 338 2466; x_wconf 89' lang='lat' dir='ltr'>circulus</span> <span class='ocrx_word' id='word_1_177' title='bbox 362 2415 479 2481; x_wconf 82' lang='lat' dir='ltr'>BF,</span> <span class='ocrx_word' id='word_1_178' title='bbox 507 2416 559 2465; x_wconf 91' lang='lat' dir='ltr'>et</span> <span class='ocrx_word' id='word_1_179' title='bbox 582 2431 677 2481; x_wconf 86' lang='lat' dir='ltr'>per</span> <span class='ocrx_word' id='word_1_180' title='bbox 701 2430 853 2464; x_wconf 87' lang='lat' dir='ltr'>axem</span> <span class='ocrx_word' id='word_1_181' title='bbox 885 2413 1046 2480; x_wconf 90' lang='lat' dir='ltr'>plano</span> <span class='ocrx_word' id='word_1_182' title='bbox 1079 2417 1302 2481; x_wconf 81' lang='lat' dir='ltr'>secetur,</span> <span class='ocrx_word' id='word_1_183' title='bbox 1336 2413 1476 2482; x_wconf 91' lang='lat' dir='ltr'>quod</span> <span class='ocrx_word' id='word_1_184' title='bbox 1501 2413 1789 2466; x_wconf 89' lang='lat' dir='ltr'>sectionem</span> 
     </span>
     <span class='ocr_line' id='line_1_28' title="bbox 112 2500 1788 2570; baseline -0.001 -17"><span class='ocrx_word' id='word_1_185' title='bbox 112 2502 309 2557; x_wconf 78' lang='lat' dir='ltr'>efficiat</span> <span class='ocrx_word' id='word_1_186' title='bbox 355 2504 525 2554; x_wconf 88' lang='grc' dir='ltr'>ΑΒΓ</span> <span class='ocrx_word' id='word_1_187' title='bbox 563 2500 918 2570; x_wconf 83' lang='lat' dir='ltr'>triangulum,</span> <span class='ocrx_word' id='word_1_188' title='bbox 967 2505 1174 2553; x_wconf 83' lang='lat' dir='ltr'>secetur</span> <span class='ocrx_word' id='word_1_189' title='bbox 1217 2504 1394 2553; x_wconf 83' lang='lat' dir='ltr'>autem</span> <span class='ocrx_word' id='word_1_190' title='bbox 1434 2502 1537 2553; x_wconf 91' lang='lat' dir='ltr'>alio</span> <span class='ocrx_word' id='word_1_191' title='bbox 1579 2518 1788 2569; x_wconf 89' lang='lat' dir='ltr'>quoque</span> 
     </span>
     <span class='ocr_line' id='line_1_29' title="bbox 111 2588 1799 2658; baseline -0.001 -16"><span class='ocrx_word' id='word_1_192' title='bbox 111 2591 272 2658; x_wconf 88' lang='lat' dir='ltr'>plano</span> <span class='ocrx_word' id='word_1_193' title='bbox 304 2591 478 2643; x_wconf 89' lang='lat' dir='ltr'>basim</span> <span class='ocrx_word' id='word_1_194' title='bbox 511 2589 629 2642; x_wconf 89' lang='lat' dir='ltr'>coni</span> <span class='ocrx_word' id='word_1_195' title='bbox 662 2588 865 2641; x_wconf 87' lang='lat' dir='ltr'>secanti</span> <span class='ocrx_word' id='word_1_196' title='bbox 898 2589 1186 2645; x_wconf 90' lang='lat' dir='ltr'>secundum</span> <span class='ocrx_word' id='word_1_197' title='bbox 1218 2592 1419 2641; x_wconf 84' lang='lat' dir='ltr'>rectam</span> <span class='ocrx_word' id='word_1_198' title='bbox 1450 2592 1505 2640; x_wconf 83' lang='lat' dir='ltr'><em>A</em></span> <span class='ocrx_word' id='word_1_199' title='bbox 1515 2593 1566 2640; x_wconf 90' lang='lat' dir='ltr'><em>E</em></span> <span class='ocrx_word' id='word_1_200' title='bbox 1594 2589 1658 2640; x_wconf 88' lang='lat' dir='ltr'>ad</span> <span class='ocrx_word' id='word_1_201' title='bbox 1691 2591 1799 2641; x_wconf 92' lang='grc' dir='ltr'>ΒΓ</span> 
     </span>
     <span class='ocr_line' id='line_1_30' title="bbox 113 2677 1791 2747; baseline -0.001 -17"><span class='ocrx_word' id='word_1_202' title='bbox 113 2678 287 2730; x_wconf 86' lang='lat' dir='ltr'>basim</span> <span class='ocrx_word' id='word_1_203' title='bbox 331 2678 589 2747; x_wconf 90' lang='lat' dir='ltr'>trianguli</span> <span class='ocrx_word' id='word_1_204' title='bbox 639 2677 810 2728; x_wconf 89' lang='grc' dir='ltr'>ΑΒΓ</span> <span class='ocrx_word' id='word_1_205' title='bbox 847 2677 1361 2745; x_wconf 85' lang='lat' dir='ltr'>perpendicularem,</span> <span class='ocrx_word' id='word_1_206' title='bbox 1409 2679 1462 2728; x_wconf 89' lang='lat' dir='ltr'>et</span> <span class='ocrx_word' id='word_1_207' title='bbox 1507 2677 1563 2728; x_wconf 89' lang='lat' dir='ltr'>in</span> <span class='ocrx_word' id='word_1_208' title='bbox 1611 2695 1791 2745; x_wconf 86' lang='lat' dir='ltr'>super-</span> 
     </span>
    </p>
   </div>
   <div class='ocr_carea' id='block_1_12' title="bbox 114 2763 1790 2832">
    <p class='ocr_par' dir='ltr' id='par_1_13' title="bbox 0 2763 1790 2841">
     <span class='ocr_line' id='line_1_31' title="bbox 114 2763 1790 2832; baseline 0 -15"><span class='ocrx_word' id='word_1_209' title='bbox 114 2765 231 2818; x_wconf 89' lang='lat' dir='ltr'>ficie</span> <span class='ocrx_word' id='word_1_210' title='bbox 278 2766 397 2819; x_wconf 92' lang='lat' dir='ltr'>coni</span> <span class='ocrx_word' id='word_1_211' title='bbox 444 2765 731 2818; x_wconf 86' lang='lat' dir='ltr'>sectionem</span> <span class='ocrx_word' id='word_1_212' title='bbox 773 2763 993 2816; x_wconf 84' lang='lat' dir='ltr'>efficiat.</span> <span class='ocrx_word' id='word_1_213' title='bbox 1018 2766 1213 2817; x_wconf 84' lang='lat' dir='ltr'>lineam</span> <span class='ocrx_word' id='word_1_214' title='bbox 1262 2768 1450 2832; x_wconf 85' lang='grc' dir='ltr'>ΛΖΕ,</span> <span class='ocrx_word' id='word_1_215' title='bbox 1498 2765 1790 2817; x_wconf 88' lang='lat' dir='ltr'>diametrus</span> 
     </span>
    </p>
   </div>
   <div class='ocr_carea' id='block_1_13' title="bbox 0 2355 37 2936">
    <p class='ocr_par' dir='ltr' id='par_1_14' title="bbox 0 2355 37 2936">
     <span class='ocr_line' id='line_1_32' title="bbox 0 2355 37 2936; baseline 0 242"><span class='ocrx_word' id='word_1_216' title='bbox 0 2355 37 2936; x_wconf 95' lang='lat' dir='ltr'> </span> 
     </span>
    </p>
   </div>
   <div class='ocr_carea' id='block_1_14' title="bbox 29 2851 1791 2921">
    <p class='ocr_par' dir='ltr' id='par_1_15' title="bbox 29 2851 1791 2921">
     <span class='ocr_line' id='line_1_33' title="bbox 29 2851 1791 2921; baseline 0.001 -18"><span class='ocrx_word' id='word_1_217' title='bbox 29 2854 36 2903; x_wconf 74' lang='lat' dir='ltr'>&#39;z-</span> <span class='ocrx_word' id='word_1_218' title='bbox 116 2857 294 2906; x_wconf 85' lang='lat' dir='ltr'>autem</span> <span class='ocrx_word' id='word_1_219' title='bbox 334 2853 583 2906; x_wconf 90' lang='lat' dir='ltr'>sectionis</span> <span class='ocrx_word' id='word_1_220' title='bbox 619 2856 735 2904; x_wconf 93' lang='lat' dir='ltr'>ZH</span> <span class='ocrx_word' id='word_1_221' title='bbox 757 2851 1016 2920; x_wconf 82' lang='lat' dir='ltr'>producta</span> <span class='ocrx_word' id='word_1_222' title='bbox 1048 2871 1166 2904; x_wconf 89' lang='lat' dir='ltr'>cum</span> <span class='ocrx_word' id='word_1_223' title='bbox 1199 2857 1251 2904; x_wconf 92' lang='lat' dir='ltr'><em>A</em></span> <span class='ocrx_word' id='word_1_224' title='bbox 1262 2854 1312 2904; x_wconf 93' lang='grc' dir='ltr'><em>Γ</em></span> <span class='ocrx_word' id='word_1_225' title='bbox 1338 2853 1504 2905; x_wconf 88' lang='lat' dir='ltr'>latere</span> <span class='ocrx_word' id='word_1_226' title='bbox 1532 2852 1791 2921; x_wconf 85' lang='lat' dir='ltr'>trianguli</span> 
     </span>
    </p>
   </div>
  </div>
 </body>
</html>
