2028 3146
675 114 1030 158 conlcontm
1060 115 1242 156 LIBER
1271 115 1330 158 Π.
1730 113 1838 167 207

266 237 381 287 ΑΓ
432 235 489 287 in
550 237 615 286 H
659 233 716 286 in
770 233 901 287 duas
955 236 1135 302 partes
1192 234 1439 303 aequales
1495 236 1729 304 secetur,
1790 238 1846 288 et

154 324 380 377 ducatur
397 325 538 393 AH3
565 340 628 376 ea
643 322 810 392 igitur
828 321 1113 375 diametrus
1133 323 1385 376 sectionis
1403 325 1485 376 est
1505 323 1677 392 [prop.
1696 322 1843 390 VII].

805 420 851 458 Ε
951 410 1131 479 itaque
1170 414 1318 464 recta
1356 411 1411 463 in
1437 414 1482 464 B
1524 411 1843 481 contingens

380 481 826 808 ΔΔή

415 810 826 1119 *Q
951 941 1241 1010 parallelae
1283 944 1430 1010 sunt,
1478 944 1532 994 et
1570 944 1679 994 ΚΘ
1721 959 1842 995 cum

954 1032 1084 1094 AK,
1104 1033 1158 1080 A
1168 1032 1215 1081 Θ
1239 1029 1525 1098 concurrit,
1551 1030 1716 1082 etiam
1744 1031 1853 1082 ΛΓ

803 1137 843 1178 Ζ
952 1136 1069 1171 cum
1111 1121 1245 1181 ΔΕ,
1278 1121 1332 1169 Δ
1344 1121 1388 1169 Ζ
1427 1122 1723 1171 concurret.

265 1211 549 1260 concurrat
602 1208 658 1260 in
707 1211 776 1276 Ε,
817 1210 875 1259 Ζ.
961 1210 1015 1259 et
1061 1209 1162 1258 ΘΒ
1191 1209 1418 1275 =BK3
1469 1224 1631 1274 quare
1680 1206 1844 1259 etiam

160 1295 332 1361 [Eucl.
364 1295 463 1365 VI,
494 1296 552 1362 4]
595 1299 798 1348 ZH=
825 1298 954 1349 HE.
1032 1312 1160 1365 ergo
1202 1295 1367 1347 etiam
1407 1296 1505 1346 ΓΖ
1533 1319 1600 1337 =
1627 1297 1750 1347 AE.

950 502 1130 552 rectae
1215 505 1268 551 A
1283 501 1335 552 Γ
1419 500 1675 570 parallela
1762 502 1845 552 est

954 589 1131 657 [prop.
1179 587 1231 641 V
1246 618 1308 625 -—
1322 587 1400 641 VI
1411 590 1446 654 ].
1562 589 1847 658 contingat

951 677 1122 746 igitur
1180 680 1227 729 Θ
1242 679 1288 728 Β
1306 678 1371 728 Κ.
1479 677 1659 746 itaque
1721 695 1843 730 cum

951 769 1080 835 EA,
1099 769 1208 817 AZ
1233 767 1514 818 concurret
1540 764 1844 834 [prop.III].

954 853 1207 922 quoniam
1262 853 1430 922 igitur
1477 858 1528 905 A
1538 855 1590 905 Γ
1633 857 1688 906 et
1734 856 1791 905 Κ
1797 856 1846 905 Θ

951 1439 1046 1495 ΙΧ.

267 1544 323 1598 Si
366 1548 514 1599 recta
553 1564 673 1599 cum
715 1545 1038 1614 asymptotis
1078 1562 1398 1597 concurrens
1440 1544 1507 1596 ab
1547 1544 1846 1613 hyperbola

152 1634 210 1686 in
258 1633 390 1686 duas
437 1637 618 1703 partes
668 1634 916 1702 aequales
965 1635 1199 1701 secatur,
1245 1633 1301 1685 in
1340 1650 1446 1686 uno
1485 1635 1685 1702 puncto
1726 1633 1845 1686 solo

158 1721 449 1775 sectionem
487 1722 682 1792 tangit.

264 1812 412 1862 recta
454 1810 598 1863 enim
637 1811 747 1862 ΓΔ
786 1828 907 1863 cum
948 1810 1272 1881 asymptotis
1312 1811 1484 1862 ΓΑΔ
1523 1827 1846 1863 concurrens

156 1898 222 1951 ab
278 1899 577 1969 hyperbola
628 1899 685 1951 in
740 1901 939 1968 puncto
988 1902 1039 1951 E
1081 1899 1140 1951 in
1187 1898 1319 1951 duas
1365 1900 1546 1966 partes
1595 1899 1844 1967 aequales

155 1989 377 2040 secetur.
462 1987 604 2057 dico,
659 2005 777 2040 eam
832 1987 890 2039 in
942 1988 1092 2040 nullo
1146 1987 1254 2040 alio
1301 1989 1501 2055 puncto
1544 1987 1840 2041 sectionem

157 2077 398 2145 tangere.

268 2181 388 2215 nam
426 2163 470 2215 si
502 2163 619 2215 fieri
650 2165 844 2233 potest,
876 2167 1069 2233 tangat
1099 2163 1157 2215 in
1181 2167 1242 2216 Β.
1303 2164 1484 2231 itaque
1509 2165 1615 2214 ΓΕ
1637 2187 1704 2204 =
1731 2166 1844 2214 BA

160 2252 334 2320 [prop.
371 2249 553 2319 V111]3
596 2251 738 2320 quod
779 2250 1069 2304 absurdum
1110 2256 1212 2321 est3
1262 2250 1642 2319 supposuimus
1685 2250 1843 2319 enim,

157 2356 271 2391 esse
334 2340 531 2390 FE=
560 2342 686 2391 EA.
786 2356 914 2409 ergo
978 2341 1087 2391 ΓΔ
1149 2340 1204 2392 in
1265 2339 1415 2391 nullo
1480 2338 1586 2390 alio
1641 2340 1841 2406 puncto

157 2426 447 2480 sectionem
486 2427 680 2495 tangit.
1390 2442 1394 2444 ·

963 2514 1026 2569 Χ.

270 2615 325 2669 Si
386 2619 535 2670 recta
596 2617 777 2687 aliqua
840 2618 1133 2670 sectionem
1188 2635 1374 2670 secans
1436 2634 1555 2669 cum
1617 2617 1843 2685 utraque

160 2708 469 2774 asymptota
494 2706 779 2773 concurrit,
809 2706 1181 2775 rectangulum
1213 2704 1653 2773 comprehensum
1681 2704 1842 2756 rectis

158 2793 296 2845 inter
360 2796 696 2862 asymptotas
754 2794 1149 2862 sectionemque
1205 2793 1427 2845 abscisis
1483 2791 1706 2860 aequale
1761 2794 1844 2844 est

160 2883 381 2947 quartae
435 2881 577 2950 parti
631 2881 836 2950 figurae
893 2881 959 2932 ad
1014 2881 1336 2934 diametrum
1399 2879 1647 2948 effectae,
1709 2897 1843 2949 quae
