1910 3132
120 577 147 617 5

176 86 287 140 450
845 67 1131 135 ΚῼΝΙΚΩΝ·
1155 85 1220 146 γ’.

175 210 237 262 τὸ
278 204 387 262 ἀπὸ
428 212 546 277 ΘΒ,
592 210 654 262 τὸ
693 203 803 263 ὑπὸ
841 212 1130 278 ΗΑ,,ΚΒ
1169 212 1306 281 πρὸς
1342 212 1405 265 τὸ
1445 207 1553 266 ἀπὸ
1593 215 1728 267 ΚΒ·
1798 212 1874 268 δι’

178 301 306 351 ἰ’σου
361 294 471 368 ἄρα
527 297 703 365 ἐστίν,
760 293 832 361 ὡς
879 300 942 352 τὸ
996 294 1105 354 ὑπὸ
1153 292 1286 368 ΑΖ,
1329 302 1432 354 ΘΒ
1478 302 1618 372 πρὸς
1660 303 1723 358 τὸ
1770 298 1882 358 ὑπὸ

178 390 370 454 ΘΔΖ,
417 388 478 441 τὸ
526 382 636 441 ὑπὸ
686 390 820 453 ΚΒ,
861 390 988 440 ΑΗ
1026 390 1164 456 πρὸς
1210 391 1272 443 τὸ
1321 384 1430 444 ὑπὸ
1470 393 1659 446 ΚΓΗ.
1737 386 1768 445 ὁ
1817 389 1882 447 δὲ

175 477 279 529 τοῦ
317 470 426 529 ὑπὸ
467 479 601 543 ΑΖ,
650 479 751 528 ΘΒ
794 478 933 546 πρὸς
970 478 1031 530 τὸ
1071 472 1180 531 ὑπὸ
1221 481 1389 531 ΘΔΖ
1428 481 1593 547 λόγος
1629 480 1734 534 τοῦ
1769 475 1880 536 ὑπὸ

179 568 339 618 ΘΕΖ
387 563 561 634 μέσου
599 564 1033 634 λαμβανομένου
1073 564 1354 635 σύγκειται
1395 566 1454 621 ἐκ
1491 569 1593 623 τοῦ
1633 570 1735 623 τοῦ
1769 565 1879 624 ὑπὸ

109 690 115 696 -
175 658 301 721 ΑΖ,
342 658 445 707 ΘΒ
492 656 631 720 πρὸς
668 656 730 708 τὸ
770 650 879 709 ὑπὸ
923 658 1084 708 ΘΕΖ
1122 654 1215 709 καὶ
1252 658 1355 710 τοῦ
1395 653 1504 711 ὑπὸ
1545 661 1706 711 ΘΕΖ
1742 660 1880 729 πρὸς

87 1025 143 1066 10

85 1917 143 1957 20

174 742 237 797 τὸ
285 739 394 798 ὑπὸ
441 747 630 796 ΘΔΖ·
708 747 807 797 καί
850 743 1025 812 ἐστιν,
1075 740 1148 808 ὡς
1195 743 1298 814 μὲν
1343 748 1405 800 τὸ
1434 741 1562 813 ,ὑπὸ
1610 750 1736 816 ΑΖ,
1775 750 1878 800 ΘΒ

174 834 312 903 πρὸς
356 832 419 886 τὸ
470 828 578 887 ὑπὸ
626 837 811 900 ΘΕΖ,
865 836 925 888 τὸ
977 832 1084 888 ἀπὸ
1132 837 1253 887 ΛΔ
1297 837 1435 905 πρὸς
1478 837 1542 890 τὸ
1590 831 1697 890 ἀπὸ
1747 839 1878 904 ΔΕ,

174 917 249 986 ὡς
290 919 351 976 δὲ
389 925 453 977 τὸ
492 918 600 977 ὑπὸ
636 926 796 976 ΘΕΖ
835 925 972 993 πρὸς
1009 925 1072 977 τὸ
1109 919 1217 978 ὑπὸ
1251 928 1436 993 ΘΔΖ,
1477 925 1538 978 τὸ
1569 920 1680 979 ὑπὸ
1711 929 1878 979 ΑΕΒ

174 1013 313 1081 πρὸς
357 1014 420 1066 τὸ
466 1007 576 1066 ὑπὸ
618 1014 809 1065 ΑΛΒ·
890 1008 919 1066 ὁ
968 1008 1077 1083 ἄρα
1115 1014 1217 1066 τοῦ
1256 1008 1365 1067 ὑπὸ
1406 1016 1550 1082 ΑΗ,
1590 1016 1706 1066 ΒΚ
1739 1015 1878 1083 πρὸς

172 1102 235 1154 τὸ
282 1095 390 1154 ὑπὸ
440 1102 621 1152 ΚΓΗ
661 1098 827 1168 λόγος
875 1097 1157 1170 σύγκειται
1206 1102 1264 1155 ἐκ
1312 1103 1415 1156 τοῦ
1460 1103 1563 1156 τοῦ
1611 1098 1719 1157 ἀπὸ
1758 1104 1877 1155 ΛΔ

173 1191 312 1260 πρὸς
364 1191 426 1243 τὸ
482 1185 590 1243 ἀπὸ
640 1193 757 1242 ΔΕ
805 1188 898 1243 καὶ
951 1196 1053 1244 τοῦ
1098 1186 1209 1245 ὑπὸ
1257 1195 1426 1244 ΑΕΒ
1473 1191 1611 1260 πρὸς
1656 1192 1719 1245 τὸ
1765 1185 1876 1245 ὑπὸ

173 1282 359 1332 ΑΛΒ.
439 1281 548 1349 ἔχει
597 1276 659 1332 δὲ
702 1281 763 1333 τὸ
803 1275 911 1334 ὑπὸ
951 1283 1092 1349 ΑΗ,
1125 1284 1235 1333 ΚΒ
1274 1282 1412 1347 πρὸς
1450 1281 1512 1334 τὸ
1551 1275 1661 1334 ὑπὸ
1703 1281 1885 1334 ΚΓΗ

171 1369 271 1422 τὸν
312 1370 678 1437 συγκείμενον
716 1365 888 1437 λόγον
930 1367 988 1422 ἐκ
1025 1370 1127 1422 τοῦ
1166 1371 1263 1439 τῆς
1295 1373 1411 1422 ΒΚ
1446 1367 1588 1439 πρὸς
1625 1371 1743 1422 ΚΓ
1783 1366 1876 1422 καὶ

173 1459 275 1510 τοῦ
314 1459 411 1527 τῆς
442 1460 568 1510 ΑΗ
591 1460 730 1527 πρὸς
766 1461 893 1512 ΗΓ.
958 1454 1077 1511 ἀλλ’
1109 1453 1183 1521 ὡς
1222 1455 1324 1526 μὲν
1363 1453 1396 1526 ἡ
1430 1461 1539 1510 ΚΒ
1579 1456 1717 1527 πρὸς
1749 1459 1875 1525 ΚΓ,

174 1542 207 1615 ἡ
256 1551 387 1600 MA
439 1545 580 1618 πρὸς
624 1543 760 1615 ΑΒ,
817 1543 889 1610 ὡς
946 1544 1007 1600 δὲ
1053 1543 1087 1616 ἡ
1136 1551 1263 1600 ΑΗ
1299 1545 1439 1615 πρὸς
1484 1548 1621 1613 ΗΓ,
1675 1540 1709 1614 ἡ
1758 1548 1881 1598 ΒΝ

173 1635 315 1707 πρὸς
356 1640 483 1689 ΒΑ·
557 1631 585 1689 ὁ
627 1632 735 1705 ἄρα
776 1639 1135 1705 συγκείμενος
1175 1634 1341 1704 λόγος
1381 1635 1439 1688 ἐκ
1476 1635 1580 1689 τοῦ
1617 1635 1716 1703 τῆς
1747 1637 1874 1687 MA

173 1724 313 1796 πρὸς
353 1730 462 1779 ΑΒ
501 1723 594 1779 καὶ
626 1727 728 1779 τοῦ
760 1727 855 1794 τῆς
880 1729 993 1778 ΝΒ
1025 1724 1167 1795 πρὸς
1198 1729 1326 1791 ΒΑ,
1367 1720 1426 1787 ὅς
1459 1723 1608 1777 ἐστιν
1642 1718 1671 1776 ὁ
1705 1717 1874 1786 αὐτὸς

173 1816 276 1888 τῷ,
340 1809 408 1868 ὃν
464 1817 572 1885 ἔχει
626 1817 687 1870 τὸ
743 1810 851 1869 ὑπὸ
906 1817 1058 1883 AM,
1108 1818 1228 1867 ΒΝ
1276 1815 1414 1883 πρὸς
1467 1814 1529 1867 τὸ
1584 1809 1693 1866 ἀπὸ
1740 1803 1872 1880 AB,

177 1901 458 1973 σύγκειται
506 1903 565 1957 ἐκ
611 1905 713 1957 τοῦ
755 1904 857 1956 τοῦ
896 1900 1005 1958 ἀπὸ
1038 1907 1156 1956 ΛΔ
1202 1905 1339 1971 πρὸς
1377 1904 1440 1956 τὸ
1481 1897 1588 1954 ἀπὸ
1631 1903 1747 1953 ΔΕ
1780 1896 1873 1952 καὶ

127 2037 131 2045 .
173 1994 276 2046 τοῦ
314 1988 423 2046 ὑπὸ
466 1997 634 2046 ΑΕΒ
674 1991 815 2062 πρὸς
853 1991 915 2045 τὸ
949 1988 1058 2044 ὑπὸ
1103 1994 1287 2044 ΑΛΒ.

296 2158 333 2197 5.
376 2153 460 2197 τοῦ
492 2154 600 2212 τοῦ]
641 2153 724 2198 τοῦ
759 2153 823 2207 V;
865 2165 980 2198 corr.
1015 2151 1199 2207 Halley.
1327 2155 1395 2196 11.
1435 2149 1518 2194 τοῦ
1551 2147 1656 2207 τοῦ]
1689 2146 1775 2192 τοῦ
1805 2146 1869 2202 V;

177 2226 292 2257 corr.
326 2211 511 2270 Halley.
631 2219 699 2258 17.
733 2210 851 2269 πρὸς
884 2212 987 2270 BA]
1021 2226 1110 2256 om.
1134 2210 1197 2262 V;
1234 2224 1348 2254 corr.
1381 2225 1426 2266 p.
1541 2212 1612 2252 20.
1645 2207 1730 2252 τοῦ
1762 2205 1869 2274 τοῇ]

176 2273 259 2317 τοῦ
286 2273 346 2326 V3
383 2286 499 2318 corr.
531 2271 714 2328 Halley.
743 2269 746 2275 ’
812 2272 867 2315 In
897 2272 1010 2315 fine:
1045 2267 1347 2314 Ἀπολλωνίου
1381 2269 1622 2323 Περγαίου
1656 2280 1869 2310 κωνικων

175 2333 329 2388 τρίτον
363 2347 424 2377 m.
458 2337 483 2376 2
520 2333 573 2389 V,
613 2330 743 2383 τέλος
773 2335 858 2375 τοῦ
890 2332 1045 2387 τρίτου
1079 2330 1170 2374 τῶν
1204 2329 1420 2374 κωνικῶν
1451 2341 1495 2383 p.

854 2578 1186 2599 ——Qw—
