1982 3178
182 105 212 158 7
218 107 253 159 Ο
841 106 1119 151 ΚΩΝῙΚΩΝ
1150 106 1217 153 α’.

177 226 340 297 λέγω,
381 224 466 282 ὅτι
497 223 531 298 ἡ
558 231 661 282 ΓΔ
700 226 1076 298 ἐκβαλλομένη
1117 223 1205 298 ἐφ’
1242 225 1472 299 ἑκάτερα
1512 236 1868 298 συμπεσεῖται
1961 269 1965 290 Α.

176 318 241 388 τῇ
279 318 437 389 τομῇ.

290 404 562 483 εἰλήφθω.
588 404 694 477 γάρ
734 425 787 460 τι
827 416 1058 477 σημεῖον
1098 403 1186 461 ἐπὶ
1224 406 1322 476 τῆς
1359 406 1531 477 τομῆς
1566 402 1631 461 τὸ
1670 410 1738 476 Ε,
1775 404 1869 461 καὶ

176 493 486 566 ἐπεζεύχθω
528 491 562 565 ἡ
605 499 724 549 ΕΖ.
788 493 903 549 ’καὶ
944 493 1060 550 ἐπεὶ
1098 492 1455 566 παράλληλός
1494 493 1645 549 ἐστιν
1684 489 1717 565 ἡ
1757 497 1868 548 AB

115 601 141 641 5
175 586 240 657 τῇ
278 588 407 654 ΓΔ,
454 582 546 639 καὶ
584 587 652 658 τῇ
692 589 800 640 ΑΒ
840 587 1133 655 συμπίπτει
1171 605 1254 649 τις
1296 581 1489 639 εὐθεῖα
1528 578 1562 654 ἡ
1602 587 1731 654 ΕΖ,
1775 581 1868 638 καὶ

172 669 206 743 ἡ
248 676 353 728 ΓΛ
400 672 508 744 ἄρα
557 673 935 744 ἐκβαλλομένη
985 683 1341 745 συμπεσεῖται
1386 674 1453 746 τῇ
1492 677 1612 727 ΕΖ.
1686 670 1780 728 καὶ
1818 672 1871 727 εί
1958 706 1959 710 =

172 761 274 832 μὲν
314 763 515 835 μεταξὺ
546 765 661 818 τῶν
693 769 760 834 Ε,
796 768 858 832 Ζ,
898 761 1169 835 φανερόν,
1210 759 1295 818 ὅτι
1333 761 1426 817 καὶ
1462 764 1531 836 τῇ
1559 763 1699 835 τομῇ
1731 776 1868 833 συμ-
1913 764 1915 769 ’

170 855 374 921 πίπτει,
415 849 513 906 ἐὰν
548 850 610 907 δὲ
642 849 797 916 ἐκτὸς
827 854 928 907 τοῦ
953 857 1006 906 Ε
1042 854 1291 923 σημείου,
1330 849 1605 924 πρότερον
1628 852 1696 924 τῇ
1726 858 1868 924 τομῇ

136 950 543 1011 ’συμπεσεῖταμ
605 936 639 1011 ἡ
680 940 790 1011 ἄρα
815 944 919 995 ΓΛ
959 941 1336 1012 ἐκβαλλομένη
1379 937 1453 1006 ὡς
1491 939 1579 996 ἐπὶ
1613 938 1679 996 τὰ
1711 945 1785 1011 Δ,
1818 944 1872 994 Ε
1977 931 1982 944 δ’

85 1049 139 1088 10
172 1030 310 1100 μέρη
352 1033 646 1100 συμπίπτει
686 1032 753 1102 τῇ
783 1033 938 1102 τομῇ.
1003 1027 1210 1102 ὁμοίως
1241 1027 1310 1101 δὴ
1342 1030 1617 1102 δείξομεν,
1657 1051 1743 1085 οτι
1772 1028 1866 1085 καὶ
1978 1098 1982 1104 ¹

172 1115 245 1184 ὡς
283 1117 371 1174 ἐπὶ
418 1140 486 1173 τα
527 1124 594 1187 Ζ,
628 1124 674 1174 Β
724 1119 1101 1191 ἐκβαλλομένη
1146 1123 1454 1199 συμπίπτει.
1530 1116 1565 1191 ἡ
1606 1122 1660 1175 Γ
1655 1125 1711 1174 Δ
1755 1139 1865 1192 αρα
1972 1117 1982 1178 1

171 1208 548 1279 ἐκβαλλομένη
591 1204 679 1280 ἐφ’
718 1207 946 1281 ἑκατερα
986 1220 1344 1281 συμπεσεῖται
1382 1211 1448 1282 τῇ
1486 1217 1643 1282 τομῇ.

971 1386 1073 1442 ιθ’.

277 1486 371 1545 Ἐν
411 1488 561 1562 πασῃ
601 1488 789 1545 κατ’νου
827 1493 987 1562 τομῇ,
1026 1487 1145 1562 ἥτις
1184 1486 1257 1546 ἂν
1293 1488 1401 1546 ἀπὸ
1435 1492 1532 1562 τῆς
1563 1490 1863 1564 διαμέτρου
1964 1341 1982 1567 ἒ

83 1599 136 1639 15
169 1577 319 1648 παοὰ
365 1579 709 1651 τεταγμένως
755 1581 1107 1652 κατηγμένην
1155 1577 1334 1653 ἀχθῇ,
1390 1591 1747 1652 συμπεσεῖται
1792 1583 1859 1655 τῇ
1964 1570 1982 1612 f

1966 1612 1982 1791 1

281 1761 419 1812 ἔστω
451 1756 641 1813 κώνου
664 1756 824 1829 τομή,
856 1750 922 1829 ἧς
950 1757 1243 1829 διαμετρος
1975 1794 1982 1836 1

168 1842 202 1916 ἡ
237 1853 290 1901 Α
300 1851 366 1916 Β,
397 1846 489 1901 καὶ
519 1846 774 1919 εἰλήφθω
806 1869 858 1903 τι
891 1858 1121 1919 σημεῖον
1154 1846 1242 1902 ἐπὶ

168 1937 265 2006 τῆς
297 1935 596 2007 διαμέτρου
620 1934 682 1991 τὸ
707 1942 772 2006 Β,
811 1936 903 1991 καὶ
937 1934 1031 1991 διὰ
1061 1939 1163 1991 τοῦ
1195 1941 1242 1990 Β

81 2045 138 2085 20
169 2023 318 2094 παρὰ
342 2026 683 2096 τεταγμένως
706 2026 1055 2097 κατηγμένην
1083 2025 1242 2096 ’ἤχθω

170 2110 205 2185 ἡ
240 2117 360 2169 ΒΓ.
438 2115 607 2185 λέγω,
657 2112 742 2170 ὅτι
781 2112 815 2185 ἡ
847 2118 957 2169 ΒΓ
990 2115 1243 2184 ἐκβαλλο-

170 2202 309 2274 μένη
350 2215 709 2274 συμπεσεῖται
748 2207 813 2276 τῇ
853 2205 1008 2275 τομῇ.

282 2292 539 2364 εἰλήφθω
564 2293 671 2364 γάρ
697 2314 749 2347 τι
774 2303 1005 2363 σημεῖον
1038 2292 1124 2347 ἐπὶ
1148 2294 1244 2363 τῆς

171 2384 342 2452 τομῆς
371 2381 434 2437 τὸ
461 2388 536 2436 Δ·
577 2385 692 2437 ἔστι
725 2380 788 2437 δὲ
829 2380 921 2435 καὶ
959 2379 1022 2435 τὸ
1063 2388 1116 2435 A
1155 2380 1243 2436 ἐπὶ

82 2488 139 2528 25
171 2474 269 2540 τῆς
328 2474 522 2542 τομῆς·
600 2468 634 2542 ἡ
698 2468 807 2541 ἄρα
870 2467 978 2524 ἀπὸ
1035 2472 1136 2525 τοῦ
1191 2476 1244 2524 A

172 2559 260 2614 ε’πὶ
311 2558 373 2614 τὸ
431 2566 487 2614 Δ
541 2559 969 2630 ἐπιζευγνυμένη
1026 2555 1222 2613 εὐθεῖα
1269 2556 1425 2622 ἐντὸς
1473 2565 1718 2612 πεσεῖται
1763 2557 1860 2626 τῆς

171 2651 357 2719 τομῆς.
427 2648 518 2703 καὶ
560 2648 674 2705 ἐπεὶ
713 2645 746 2719 ἡ
784 2645 890 2702 ἀπὸ
931 2655 1032 2701 τοῦ
1072 2653 1125 2700 A
1162 2647 1310 2718 παρὰ
1349 2645 1692 2716 τεταγμένως
1734 2664 1859 2699 κατ-

171 2738 420 2807 ηγμένην
460 2734 705 2810 ἀγομένη
747 2733 942 2792 εὐθεῖα
990 2731 1144 2800 ἐκτὸς
1181 2739 1364 2790 πίπτει
1402 2736 1500 2804 τῆς
1536 2735 1726 2804 τομῆς,
1764 2731 1858 2787 καὶ

294 2920 362 2959 11.
397 2911 614 2973 ἐμπίπτει
646 2912 707 2969 V;
742 2926 855 2958 corr.
888 2926 933 2969 p.
1058 2916 1125 2956 13.
1159 2907 1257 2970 ιθ’]
1290 2926 1335 2969 p,
1367 2924 1455 2956 om.
1488 2909 1543 2966 V,
1575 2923 1635 2955 m.
1668 2913 1695 2954 2
1726 2922 1770 2953 v.
