2028 3146
251 114 359 168 228
916 114 1195 159 ΚΩΝῑΚΩΝ
1227 109 1293 172 β’.

247 236 414 306 λόγος
461 232 489 290 ὁ
540 231 710 298 αὐτός
758 233 873 289 ε’στι
912 235 987 308 τῷ
1026 235 1123 304 τῆς
1160 238 1278 289 ΗΛ
1315 230 1454 304 πρὸς
1491 238 1614 290 ΛΘ.
1688 233 1781 289 καὶ
1820 234 1944 307 περὶ

249 331 372 389 ἴσας
419 327 629 394 γωνιάς
673 321 772 388 τὰς
817 320 957 390 πρὸς
1000 333 1118 387 τοῖς
1156 326 1236 393 Κ,
1276 328 1327 378 Λ
1374 321 1656 395 ἀνάλογόν
1702 326 1848 380 εἰσιν
1888 325 1950 380 αἱ

248 416 504 484 πλευραί·
597 409 798 482 ὅμοιον
859 409 969 483 ἄρα
1023 411 1138 466 ἐστὶ
1191 408 1256 467 τὸ
1311 417 1488 467 ΕΚΧ
1533 417 1813 484 τρίγωνον
1866 416 1942 488 τῷ

251 507 426 556 ΗΘΛ
480 501 573 557 καὶ
623 507 746 566 ἴσας
785 501 892 567 ἕξει
929 498 1028 566 τὰς
1066 505 1299 571 γωνίας,
1341 497 1443 572 ὑφ’
1479 497 1546 567 ἃς
1585 503 1648 557 αἰ
1681 489 1948 573 ὁμόλογοι

193 611 219 650 5
252 590 485 663 πλευραὶ
539 586 952 646 ὑποτείνουσιν.
1040 597 1131 661 ἴση
1186 589 1296 663 ἄρα
1344 589 1496 646 ἐστὶν
1541 587 1575 662 ἡ
1622 588 1731 647 ὑπὸ
1778 597 1953 647 ΕΧΚ

250 690 315 754 τῇ
357 677 467 735 ὑπὸ
511 684 637 735 AH
641 685 700 735 Θ.
772 682 887 734 ἔστι
929 677 990 733 δὲ
1028 678 1122 734 καὶ
1162 676 1263 750 ὅλη
1303 677 1338 751 ἡ
1370 677 1481 736 υπὸ
1516 685 1696 736 ΚΧΗ
1732 683 1799 754 τῇ
1837 679 1948 737 ὑπὸ

252 773 439 825 ΛΗΧ
494 774 607 839 ἴση·
699 767 792 823 καὶ
850 766 1014 839 λοιπὴ
1072 765 1182 839 ἄρα
1238 765 1271 838 ἡ
1326 765 1436 824 ὑπὸ
1489 774 1670 826 ΕΧΗ
1715 773 1782 843 τῇ
1836 767 1946 826 ὑπὸ

251 863 431 914 ΘΗΧ
494 860 644 914 ἐστιν
716 865 824 927 ἴση.
922 857 1277 929 παράλληλος
1346 859 1454 928 ἄρα
1523 858 1674 914 ἐστὶν
1743 857 1777 931 ἡ
1840 865 1956 914 ΕΧ

252 951 319 1021 τῇ
360 953 485 1003 ΗΘ.

168 1057 220 1098 10
364 1036 692 1107 πεποιήσθω
735 1035 824 1107 δή,
866 1033 939 1101 ὡς
977 1033 1012 1107 ἡ
1045 1040 1175 1091 ΠΗ
1206 1036 1346 1108 πρὸς
1375 1041 1510 1108 ΗΡ,
1553 1037 1729 1103 οὕτως
1766 1035 1802 1108 ἡ
1835 1043 1955 1093 ΘΗ

252 1125 392 1199 πρὸς
424 1132 495 1181 Σ·
559 1123 593 1196 ἡ
628 1131 686 1180 Σ
719 1123 829 1198 ἄρα
868 1122 1092 1196 ἡμίσειά
1133 1127 1247 1181 ε’στι
1285 1129 1383 1197 τῆς
1412 1124 1543 1198 παρ’
1571 1123 1644 1198 ἣν
1677 1126 1949 1183 δύνανται

253 1218 316 1271 αἱ
352 1215 439 1271 ἐπὶ
477 1213 581 1286 τὴν
621 1219 687 1269 Η
693 1219 739 1269 Ο
779 1215 1080 1287 διάμετρον
1117 1215 1491 1287 καταγόμεναι
1530 1217 1590 1271 ἐν
1629 1227 1750 1281 ταῖς
1794 1221 1852 1287 Γ,
1894 1223 1950 1271 Δ

251 1316 459 1376 τομαῖς.
528 1304 621 1359 καὶ
661 1304 776 1360 ἐπεὶ
816 1308 929 1360 τῶν
971 1312 1040 1375 Α,
1073 1310 1120 1359 Β
1159 1308 1347 1376 τομῶν
1387 1305 1618 1378 δευτέρα
1657 1303 1951 1377 διάμετρός

256 1397 407 1451 ἐστιν
446 1392 481 1465 ἡ
523 1399 660 1464 ΓΔ,
700 1393 792 1447 καὶ
833 1397 1129 1465 συμπίπτει
1169 1391 1310 1467 αὐτῇ
1351 1391 1385 1465 ἡ
1419 1400 1550 1465 ΕΤ,
1588 1391 1651 1450 τὸ
1691 1392 1800 1464 ἄρα
1837 1392 1948 1450 ὑπὸ

169 1503 223 1543 15
255 1494 355 1555 τῆς
392 1489 501 1539 ΤΧ
532 1483 625 1538 καὶ
663 1485 760 1554 τῆς
791 1487 907 1537 ΕΚ
943 1489 1070 1538 ἴσον
1111 1483 1225 1538 ε’στὶ
1263 1486 1338 1558 τῷ
1379 1481 1487 1539 ἀπὸ
1519 1488 1641 1539 ΓΧ·
1713 1482 1811 1539 ἐὰν
1841 1481 1949 1555 γὰρ

255 1571 365 1630 ἀπὸ
411 1575 512 1629 τοῦ
554 1579 607 1628 Ε
648 1575 713 1645 τῇ
753 1578 875 1627 ΚΧ
911 1572 1270 1644 παράλληλον
1308 1571 1558 1644 ἄγωμεν,
1603 1570 1667 1628 τὸ
1706 1569 1815 1628 ὑπὸ
1853 1574 1952 1644 τῆς

263 1667 372 1718 ΤΧ
420 1662 514 1717 καὶ
567 1664 666 1732 τῆς
711 1658 1247 1733 ἀπολαμβανομένης
1292 1658 1401 1717 ὑπὸ
1450 1669 1547 1732 τῆς
1591 1660 1952 1734 παραλλήλου

258 1758 383 1806 ἴσον
430 1754 583 1806 ἔσται
629 1753 704 1825 τῷ
753 1748 861 1806 ἀπὸ
908 1755 1025 1806 ΓΧ.
1109 1749 1202 1806 διὰ
1253 1750 1313 1806 δὲ
1358 1749 1524 1806 τοῦτό
1573 1753 1746 1822 ἐστιν,
1794 1749 1869 1816 ὡς
1914 1747 1948 1821 ἡ

263 1845 370 1894 ΤΧ
409 1838 549 1911 πρὸς
588 1845 726 1909 ΕΚ,
774 1838 836 1894 τὸ
885 1837 995 1895 ἀπὸ
1042 1845 1151 1894 ΤΧ
1188 1840 1329 1910 πρὸς
1373 1839 1436 1895 τὸ
1477 1837 1583 1895 ἀπὸ
1627 1844 1746 1896 ΧΓ.
1821 1836 1946 1896 ἀλλ’

169 1949 228 1990 20
261 1926 334 1994 ὡς
381 1928 485 2000 μὲν
530 1926 563 1999 ἡ
619 1934 725 1982 ΤΧ
765 1926 901 1999 πρὸς
941 1933 1076 1998 ΕΚ,
1123 1926 1157 1999 ἡ
1207 1934 1306 1983 ΤΖ
1351 1926 1489 2001 πρὸς
1528 1934 1655 1999 ΖΕ,
1701 1930 1949 1984 τουτέστι

257 2017 319 2073 τὸ
367 2022 523 2072 ΤΧΖ
561 2021 840 2089 τρίγωνον
879 2016 1020 2088 πρὸς
1058 2015 1119 2073 τὸ
1158 2023 1344 2088 ΕΖΧ,
1386 2015 1461 2082 ὡς
1499 2017 1562 2073 δὲ
1598 2015 1662 2074 τὸ
1702 2015 1810 2073 ἀπὸ
1850 2020 1961 2073 ΤΧ

256 2104 393 2179 πρὸς
430 2105 493 2162 τὸ
535 2103 642 2161 ἀπὸ
683 2110 813 2175 ΓΧ,
852 2105 915 2161 τὸ
957 2112 1013 2160 Χ
1022 2112 1120 2161 ΤΖ
1159 2112 1438 2177 τρίγωνον
1477 2106 1617 2177 πρὸς
1652 2107 1715 2163 τὸ
1758 2112 1812 2161 Χ
1822 2111 1949 2176 ΓΠ,

258 2196 509 2252 τουτέστι
554 2193 696 2267 πρὸς
740 2192 803 2250 τὸ
850 2199 1037 2251 ΗΘΧ.
1115 2193 1189 2261 ὡς
1234 2194 1344 2268 ἄρα
1389 2196 1451 2252 τὸ
1499 2201 1655 2251 ΤΧΖ
1702 2196 1841 2267 πρὸς
1885 2196 1947 2251 τὸ

261 2291 447 2355 ΕΖΧ,
494 2282 556 2340 τὸ
603 2289 767 2338 ΤΖΧ
805 2285 945 2354 πρὸς
989 2283 1051 2341 τὸ
1093 2290 1278 2341 ΧΗΘ.
1357 2293 1481 2341 ἴσον
1527 2283 1637 2358 ἄρα
1675 2283 1737 2340 τὸ
1777 2289 1959 2340 ΗΘΧ

173 2394 229 2434 25
262 2378 540 2445 τρίγωνον
602 2376 678 2447 τῷ
736 2379 913 2429 ΧΕΖ.
1009 2379 1117 2445 ἔχει
1188 2374 1249 2430 δὲ
1309 2374 1402 2430 καὶ
1455 2374 1558 2445 τὴν
1614 2371 1723 2430 ὑπὸ
1780 2377 1958 2430 ΘΗΧ

262 2467 476 2534 γωνίαν
502 2471 565 2535 τῇ
590 2458 700 2517 ὑπὸ
721 2469 775 2517 Χ
782 2468 832 2517 Ε
842 2468 886 2517 Ζ
911 2468 1089 2537 γωνίᾳ
1115 2471 1262 2534 ἴσην·
1298 2462 1649 2534 παράλληλος
1672 2461 1778 2535 γάρ
1803 2463 1954 2518 ἐστιν

259 2551 294 2622 ἡ
337 2550 438 2622 μὲν
472 2557 585 2606 ΕΧ
609 2554 675 2624 τῇ
709 2556 843 2622 ΗΘ,
883 2550 917 2623 ἡ
953 2551 1014 2607 δὲ
1047 2559 1149 2607 ΕΖ
1180 2556 1246 2625 τῇ
1278 2558 1407 2608 ΗΧ.
1470 2550 1951 2607 ἀντιπεπόνθασιν

261 2638 370 2711 ἄρα
418 2642 479 2694 αἱ
524 2642 756 2713 πλευραὶ
797 2643 859 2695 αί
891 2642 1015 2710 περὶ
1054 2639 1152 2707 τὰς
1191 2648 1313 2707 ἴσας
1350 2644 1573 2711 γωνίας.
1651 2644 1801 2696 ἔστιν
1841 2639 1951 2713 ἄρα

387 2808 454 2848 10.
478 2805 772 2849 πεποιείσθω
792 2805 855 2861 V3
880 2818 994 2849 corr.
1012 2818 1093 2860 pe.
1181 2807 1249 2848 14.
1275 2805 1513 2860 συμπίπτῃ
1538 2802 1600 2857 V;
1625 2815 1740 2846 corr.
1757 2815 1801 2858 p.
1881 2806 1949 2848 16.

263 2859 477 2921 ἄγωμεν]
509 2860 748 2922 ἀγομένην
772 2863 834 2919 V;
867 2877 983 2907 corr.
1002 2863 1193 2920 Halle53
1226 2859 1477 2920 ἀγάγωμεν
1508 2876 1553 2918 p.
1653 2866 1723 2906 26.
1756 2859 1871 2920 ὑπό]
1904 2877 1951 2920 p,

264 2935 355 2966 om.
387 2922 442 2966 V.
564 2924 691 2982 ἴσην]
727 2936 815 2967 om.
849 2922 911 2980 V3
946 2937 1062 2967 corr.
1095 2938 1139 2980 p.
