1982 3178
186 18 267 117 88*
851 64 1130 109 ΚΩΝΙΚΩΝ
1161 61 1229 110 α’.

185 189 321 254 ΘΚ,
360 183 453 239 καὶ
491 183 836 254 τεταγμένως
873 182 1137 255 κατήχθω
1177 181 1211 255 ἡ
1244 188 1383 254 ΚΛ,
1422 183 1516 239 καὶ
1552 186 1621 258 τῇ
1654 189 1764 241 ΛΘ
1796 191 1890 257 ἴση

185 277 394 329 κείσθω
450 272 484 345 ἡ
533 278 691 342 ΗΜ,
753 272 846 328 καὶ
899 273 1394 344 παρατεταγμένως
1439 273 1599 344 ἤχθω
1650 271 1685 345 ἡ
1734 279 1892 344 MN,

184 362 278 418 καὶ
332 360 841 438 προσεκβεβλήσθω
899 359 984 418 ἐπ’
1038 359 1265 427 εὐθείας
1320 359 1355 432 ἡ
1403 367 1547 419 ΗΝ.
1631 363 1728 419 καὶ
1775 363 1891 420 ἐπεὶ

186 450 543 524 παράλληλός
582 451 731 506 ἐστιν
771 448 805 522 ἡ
845 456 961 507 ΚΛ
999 454 1065 524 τῇ
1108 457 1263 521 ΜΝ,
1312 448 1346 522 ἡ
1388 450 1450 507 δὲ
1489 456 1600 507 ΚΘ
1636 459 1703 526 τῇ
1743 458 1892 523 ΗΝ,

128 559 154 599 5
186 541 279 596 καὶ
327 544 425 612 μία
472 539 668 596 εὐθεῖά
715 541 866 596 ἐστιν
912 536 947 611 ἡ
995 546 1146 611 ΛΜ,
1198 538 1399 612 ὅμοιόν
1447 541 1562 597 ἐστι
1607 539 1670 597 τὸ
1718 546 1891 598 ΚΘΛ

184 633 464 702 τρίγωνον
511 632 587 705 τῷ
640 634 845 684 ΗΜΝ
884 628 1154 705 τριγώνῳ.
1231 629 1325 684 καὶ
1372 635 1464 701 ἴση
1514 629 1666 686 ἐστὶν
1710 628 1745 702 ἡ
1785 636 1894 687 ΛΘ

185 722 252 792 τῇ
299 723 453 774 ΗΜ·
531 725 623 790 ἴση
672 716 781 790 ἄρα
830 719 981 774 ἐστὶν
1028 715 1062 789 ἡ
1112 724 1228 774 ΚΛ
1274 721 1341 792 τῇ
1390 724 1536 776 ΜΝ.
1612 718 1755 776 ὥστε
1799 720 1892 776 καὶ

185 806 246 864 τὸ
303 806 414 864 ἀπὸ
463 813 579 864 ΚΛ
634 811 709 883 τῷ
766 808 874 864 ἀπὸ
923 813 1060 862 ΜΝ
1107 814 1234 864 ἴσον
1282 809 1412 864 ἐστί.
1495 808 1589 863 καὶ
1636 809 1752 865 ἐπεὶ
1799 815 1892 881 ἴση

187 896 339 954 ἐστὶν
386 894 419 969 ἡ
460 901 571 952 ΛΘ
617 900 683 970 τῇ
725 902 881 968 ΗΜ,
929 894 963 968 ἡ
1010 896 1073 953 δὲ
1112 903 1221 953 ΑΘ
1258 899 1324 969 τῇ
1365 902 1506 968 ΒΗ,
1550 893 1714 970 κοινὴ
1755 897 1818 954 δὲ
1855 896 1891 970 ἡ

99 1006 154 1046 10
193 993 322 1058 ΑΒ,
370 993 462 1058 ἴση
511 985 621 1059 ἄρα
669 986 818 1042 ἐστὶν
865 984 899 1057 ἡ
947 991 1058 1041 ΒΛ
1104 989 1169 1060 τῇ
1219 993 1367 1042 ΑΜ·
1447 993 1574 1043 ἴσον
1620 985 1732 1060 ἄρα
1779 987 1893 1045 ἐστὶ

187 1076 250 1132 τὸ
297 1073 407 1132 ὑπὸ
452 1081 622 1131 BAA
660 1079 736 1150 τῷ
777 1073 887 1131 ὑπὸ
930 1081 1128 1131 ΑΜΒ.
1208 1073 1282 1142 ὡς
1321 1073 1431 1147 ἄρα
1469 1074 1531 1131 τὸ
1571 1073 1681 1133 ὑπὸ
1722 1082 1892 1133 BAA

188 1163 327 1236 πρὸς
368 1163 427 1221 τὸ
469 1162 575 1220 ἀπὸ
617 1170 758 1233 ΚΛ,
807 1163 984 1230 οὕτως
1022 1164 1084 1220 τὸ
1124 1162 1235 1220 ὑπὸ
1277 1171 1461 1221 ΑΜΒ
1501 1163 1642 1238 πρὸς
1677 1163 1742 1222 τὸ
1782 1163 1891 1222 ἀπὸ

190 1259 334 1310 ΜΝ.
396 1258 494 1309 καί
530 1255 697 1323 ἐστιν,
738 1250 814 1318 ὦς
851 1252 914 1309 τὸ
954 1251 1064 1310 ὑπὸ
1106 1259 1280 1309 BAA
1316 1252 1456 1326 πρὸς
1493 1252 1556 1310 τὸ
1597 1253 1706 1311 ἀπὸ
1748 1261 1889 1326 ΛΚ,

189 1340 223 1414 ἡ
257 1348 464 1414 πλαγία
495 1341 634 1415 πρὸς
664 1342 766 1414 τὴν
801 1341 1031 1414 ὀρθίαν·
1093 1343 1186 1397 καὶ
1221 1340 1294 1408 ὡς
1327 1341 1436 1414 ἄρα
1468 1342 1530 1399 τὸ
1564 1341 1672 1399 ὑπὸ
1707 1350 1891 1399 ΑΜΒ

105 1453 157 1492 15
189 1430 330 1503 πρὸς
369 1432 430 1487 τὸ
474 1429 584 1487 οἴπὸ
618 1438 773 1502 ΜΝ,
813 1429 846 1503 ἡ
887 1436 1094 1503 πλαγία
1133 1431 1273 1504 πρὸς
1310 1431 1414 1503 τὴν
1455 1432 1678 1504 ὀρθίαν.
1739 1431 1801 1488 τὸ
1837 1437 1902 1487 Ν

189 1518 299 1593 ἄρα
351 1519 491 1591 πρὸς
543 1524 608 1594 τῇ
663 1523 803 1594 τομῇ
859 1522 1024 1577 ἐστιν.
1107 1518 1141 1592 ἡ
1189 1526 1293 1576 ΕΖ
1348 1519 1458 1593 ἄρα
1516 1522 1891 1593 ἐκβαλλομένη

192 1621 550 1681 συμπεσεῖται
588 1612 654 1683 τῇ
693 1612 833 1682 τομῇ
872 1608 1010 1664 κατὰ
1050 1609 1111 1665 τὸ
1152 1615 1223 1665 Ν.

305 1697 512 1771 ὁμοίως
553 1697 621 1770 δὴ
664 1700 1036 1771 δειχθήσεται,
1078 1697 1162 1755 ὅτι
1201 1700 1294 1754 καὶ
1336 1699 1422 1754 ἐπὶ
1461 1697 1528 1754 τὰ
1566 1699 1723 1772 ἔτερα
1754 1701 1891 1772 μέρη

194 1789 567 1858 ἐκβαλλομένη
609 1799 965 1859 συμπεσεῖται
1004 1791 1070 1859 τῇ
1111 1791 1267 1861 τομῇ.

103 1972 160 2012 20
990 1949 1104 2005 κθ’.

300 2051 444 2109 Ἐὰν
494 2056 554 2109 ἐν
596 2051 1006 2126 ἀντικειμέναις
1051 2053 1248 2110 εὐθεῖα
1294 2059 1610 2128 προσπίπτῃ
1659 2054 1753 2111 διὰ
1791 2059 1895 2112 τοῦ

193 2144 430 2215 κέντρου
468 2140 606 2215 πρὸς
638 2140 911 2216 ὁποτέραν
943 2147 1056 2199 τῶν
1088 2147 1295 2215 τομῶν,
1337 2145 1712 2216 ἐκβαλλομένη
1745 2156 1899 2217 τεμεῖ

194 2231 298 2304 τὴν
339 2232 533 2302 ἑτέραν
570 2231 762 2303 τομήν.
841 2225 844 2232 ’

309 2325 556 2377 ἔστωσαν
589 2319 979 2393 ἆντικείμεναι,
1012 2314 1093 2377 ὧν
1123 2321 1417 2394 διάμετρος
1440 2319 1474 2394 ἡ
1501 2328 1630 2393 AB,
1661 2324 1894 2394 κέντρον

107 2430 163 2471 25
198 2410 260 2466 δὲ
305 2409 367 2466 τὸ
407 2415 478 2480 Γ,
524 2409 617 2466 καὶ
662 2407 696 2481 ἡ
742 2415 849 2465 ΓΔ
887 2412 1126 2482 τεμνέτω
1166 2409 1268 2482 τὴν
1309 2418 1424 2466 ΑΔ
1463 2410 1654 2483 τομήν.
1731 2412 1894 2482 λέγω,

198 2498 282 2554 ὅτι
323 2499 414 2554 καὶ
452 2498 553 2570 τὴν
596 2500 789 2571 ἑτέραν
828 2499 1004 2571 τομὴν
1042 2511 1205 2571 τεμεῖ.

325 2698 360 2735 1.
397 2692 507 2750 ΚΛ]
542 2706 667 2749 evp,
703 2694 798 2736 ΘΚ
827 2706 851 2736 e
883 2705 996 2735 corr.
1033 2707 1092 2736 m.
1122 2698 1142 2735 1
1178 2691 1233 2736 V.
1349 2696 1390 2737 9.
1423 2691 1545 2749 ΒΗ]
1579 2705 1617 2748 c,
1650 2694 1686 2734 Β
1719 2704 1744 2735 e
1776 2704 1891 2736 corr.

198 2766 256 2795 m.
296 2755 319 2793 1
352 2750 408 2795 V.
558 2757 625 2795 11.
660 2751 810 2809 BAA]
844 2754 974 2795 ΒΑΛ
1008 2750 1068 2804 V;
1111 2765 1225 2796 corr.
1257 2766 1288 2810 p
1323 2754 1438 2806 (BA,
1473 2752 1594 2807 AA).
1738 2751 1890 2808 BAA]

199 2813 330 2854 ΒΑΛ
362 2809 427 2864 V;
460 2823 577 2854 corr.
610 2825 640 2867 p
674 2813 783 2867 (τῶν
816 2814 915 2866 ΒΛ,
947 2812 1064 2866 ΛΑ).
1158 2815 1228 2854 20.
1264 2809 1372 2869 κθ’]
1407 2825 1451 2867 p,
1485 2823 1572 2854 om.
1606 2808 1662 2865 V,
1694 2824 1755 2854 m.
1789 2813 1815 2852 2
1847 2824 1891 2855 v.

259 2874 330 2912 21.
365 2866 467 2927 διά]
506 2883 641 2914 euan.
675 2869 730 2913 V.
853 2874 924 2914 22.
956 2869 1086 2926 τέμει
1119 2869 1184 2924 V;
1222 2883 1336 2914 corr.
1369 2884 1414 2926 p.
