1942 3172
94 1026 148 1066 10

184 83 254 135 10
845 82 1119 127 ΚΩΝΙΚΩΝ
1150 81 1216 128 α’.

292 221 343 273 εἰ
379 215 487 288 γὰρ
530 216 802 287 δυνατόν,
849 214 922 288 μὴ
964 221 1127 290 ἔστω,
1174 219 1266 274 καὶ
1310 223 1448 275 ἔστω
1486 215 1522 290 ἡ
1561 229 1873 290 γεγραφυῖα

181 307 284 378 τὴν
326 304 656 378 ἐπιφάνειαν
696 303 893 361 εὐθεῖα
930 302 958 360 ‘r‘
1009 313 1144 378 ΔΕ,
1195 305 1223 363 6
1266 307 1328 363 δὲ
1365 307 1592 378 κύκλος,
1630 304 1765 363 καθ’
1804 299 1873 364 οὗ

182 397 408 469 φέρεται
440 393 473 467 ἡ
501 401 631 465 ΕΔ,
665 392 694 450 6
729 401 846 450 ΕΖ.
902 394 1001 451 ἐὰν
1035 397 1103 468 δὴ
1136 398 1402 468 μένοντος
1432 400 1534 453 τοῦ
1558 404 1611 467 Α
1642 401 1874 469 σημείου

181 482 215 556 ἡ
251 491 367 540 ΔΕ
403 482 599 541 εὐθεῖα
640 486 873 557 φέρηται
905 483 1043 541 κατὰ
1074 489 1171 557 τῆς
1201 490 1302 542 τοῦ
1334 492 1439 541 ΕΖ
1476 487 1686 543 κύκλου
1724 507 1873 559 περι-

183 580 435 647 φερείας,
483 573 600 646 ἥξει
637 573 731 629 καὶ
762 572 864 629 ’διὰ
904 577 1004 630 τοῦ
1045 580 1092 629 Β
1133 579 1389 646 σημείου,
1435 575 1530 631 καὶ
1576 579 1728 632 ἔσται
1768 576 1872 632 δύο

186 661 428 719 εὐθειῶν
467 662 535 718 τὰ
575 661 715 724 αὐτὰ
756 663 986 735 πέρατα·
1042 661 1176 735 ὅπερ
1216 661 1440 720 ἄτοπον.

294 751 396 809 οὐκ
446 751 555 826 ἄρα
611 751 644 824 ἡ
693 751 802 808 ἀπὸ
849 756 950 809 τοῦ
999 761 1051 808 Α
1107 753 1194 809 ἐπὶ
1232 752 1295 808 τὸ
1343 759 1390 808 Β
1442 753 1873 827 ἐπιζευγνυμένη

181 841 379 899 εὐθεῖα
427 841 529 900 οὐκ
578 847 728 898 ἔστιν
775 845 836 899 ἐν
881 845 947 916 τῇ
998 845 1311 917 ἐπιφανείᾳ·
1369 845 1430 899 ἐν
1471 845 1538 916 τῇ
1579 845 1875 918 ἐπιφανείᾳ

181 930 290 1003 ἄρα
331 934 459 988 ἐστί.

878 1005 1184 1079 πόρισμα.

295 1112 386 1166 καὶ
442 1110 721 1182 φανερόν,
779 1109 888 1181 ὅτι,
947 1109 1045 1167 ἐὰν
1093 1109 1200 1167 ἀπὸ
1250 1114 1347 1182 τῆς
1391 1114 1642 1183 κορυφῆς
1689 1112 1783 1167 ἐπί
1823 1134 1875 1168 τι

148 1217 158 1231 ’
184 1214 415 1272 σημεῖον
463 1203 575 1256 τῶν
625 1198 781 1266 ἐντὸς
826 1203 922 1271 τῆς
967 1202 1290 1272 ἐπιφανείας
1328 1202 1621 1274 ἐπιζευχθῇ
1662 1198 1875 1273 εὐθεῖα,

94 1548 148 1588 15

94 2010 151 2050 20

98 2446 154 2486 25

182 1290 340 1356 ἐντὸς
377 1301 624 1346 πεσεῖται
661 1293 758 1361 τῆς
791 1299 1033 1362 κωνικῆς
1066 1292 1406 1361 ἐπιφανείας,
1446 1289 1538 1345 καὶ
1574 1289 1672 1346 ἐὰν
1706 1292 1799 1346 ἐπί
1823 1312 1875 1346 τι

181 1384 294 1437 τῶν
335 1379 487 1446 ἐκτὸς
526 1382 846 1452 ἐπιζευχθῇ,
887 1378 1042 1445 ἐκτὸς
1081 1384 1232 1435 ἔσται
1270 1383 1366 1450 τῆς
1405 1381 1741 1451 ἐπιφανείας.

991 1527 1064 1598 β’.

289 1631 418 1689 Ἐὰν
445 1632 533 1705 ἐφ’
558 1631 941 1703 ὁποτερασοῦν
965 1637 1079 1688 τῶν
1095 1632 1232 1689 κατὰ
1257 1633 1517 1704 κορυφὴν
1534 1634 1875 1704 ἐπιφανειῶν

185 1722 289 1779 δύο
333 1734 530 1794 σημεῖα
571 1726 783 1795 ληφθῇ,
823 1720 857 1793 ἡ
899 1721 961 1777 δὲ
994 1722 1080 1778 ἐπὶ
1111 1721 1178 1776 τὰ
1213 1733 1411 1794 σημεῖα
1443 1723 1873 1793 ἐπιζευγνυμένη
1940 1792 1942 1794 ³

183 1809 383 1867 εὐθεῖα
423 1810 496 1883 μὴ
538 1811 675 1884 νεύῃ
717 1811 803 1866 ἐπὶ
841 1810 946 1882 τὴν
984 1810 1261 1882 κορυφήν,
1301 1810 1458 1876 ἐντὸς
1494 1823 1737 1867 πεσεῖται
1775 1820 1874 1883 τῆς

186 1901 526 1972 ἐπιφανείας,
566 1898 599 1972 ἡ
642 1901 702 1956 δὲ
742 1898 823 1956 ἐπ’
861 1898 1087 1965 εὐθείας
1126 1898 1263 1972 αὐτῇ
1306 1899 1473 1966 ἐκτός.

298 1994 434 2046 ἔστω
474 1988 682 2061 κωνικὴ
728 1989 1048 2061 ἐπιφάνεια,
1096 1984 1162 2061 ἧς
1200 1989 1420 2061 κορυφὴ
1463 1989 1564 2062 μὲν
1595 1988 1657 2046 τὸ
1690 1997 1743 2046 A
1783 2006 1874 2062 ση·

185 2089 364 2149 μεῖον,
405 2077 434 2134 6
470 2078 532 2135 δὲ
563 2080 781 2150 κύκλος,
821 2076 952 2134 καθ’
983 2071 1051 2134 οὗ
1084 2079 1308 2149 φέρεται
1340 2077 1374 2150 ἡ
1407 2077 1510 2150 τὴν
1543 2078 1875 2151 ἐπιφάνειαν

184 2169 482 2242 γράφουσα
507 2168 721 2238 εὐθεῖα,
755 2166 783 2224 6
811 2173 931 2238 ΒΓ,
963 2167 1054 2223 καὶ
1087 2167 1342 2240 εἰλήφθω
1376 2166 1463 2240 ἐφ’
1494 2165 1875 2241 ὁποτερασοῦν
1939 2170 1942 2177 ’

183 2262 296 2314 τῶν
343 2257 481 2314 κατὰ
525 2257 784 2329 κορυφὴν
824 2259 1165 2328 ἐπιφανειῶν
1213 2256 1317 2313 δύο
1359 2269 1557 2329 σημεῖα
1594 2256 1662 2312 τὰ
1702 2264 1775 2329 Δ,
1807 2264 1874 2329 Ε,

186 2349 280 2403 καὶ
313 2350 694 2420 ἐπιζευχθεῖσα
734 2345 767 2417 ἡ
806 2352 922 2401 ΔΕ
958 2346 1030 2418 μὴ
1072 2349 1275 2403 νευέτω
1316 2347 1403 2402 ἐπὶ
1441 2345 1504 2402 τὸ
1537 2355 1590 2401 Α
1629 2358 1874 2418 σημεῖον.

188 2440 357 2507 λέγω,
413 2435 497 2492 ὅτι
544 2433 577 2507 ἡ
626 2443 739 2491 ΔΕ
788 2434 944 2500 ἐντὸς
990 2439 1141 2490 ἔσται
1186 2439 1283 2507 τῆς
1332 2438 1653 2507 ἐπιφανείας
1705 2435 1797 2490 καὶ
1837 2432 1871 2507 ἡ

185 2523 266 2581 ἐπ’
304 2524 531 2590 εὐθείας
570 2523 708 2598 αὐτῇ
748 2524 915 2589 ἐκτός.

297 2616 718 2687 ἐπεζεύχθωσαν
772 2615 834 2668 αί
886 2619 1013 2681 ΑΕ,
1060 2614 1180 2667 ΑΛ
1240 2613 1331 2667 καὶ
1386 2612 1875 2683 ἐκβεβλήσθωσαν·
1918 2613 1931 2624 ’

187 2707 489 2759 πεσοῦνται
531 2701 599 2774 δὴ
641 2702 727 2758 ἐπὶ
757 2700 858 2772 τὴν
889 2704 990 2757 τοῦ
1022 2700 1233 2756 κύκλου
1264 2702 1634 2772 περιφέρειαν.
1689 2696 1873 2757 πιπτέ-

303 2843 349 2941 {j
377 2833 520 2895 καθ’]
556 2851 641 2890 cv3
675 2853 754 2880 κα·
786 2848 919 2879 euan.
945 2833 1001 2890 V,
1033 2848 1130 2891 rep.
1157 2848 1248 2892 mg.
1276 2849 1335 2878 m.
1360 2846 1448 2880 rec.
1546 2837 1612 2877 10.
1644 2830 1870 2892 πόρισμα]

185 2909 274 2940 om.
353 2931 361 2939 .
