2028 3146
138 1031 191 1070 10

137 1475 189 1514 15

133 1919 190 1958 20

132 2481 187 2521 25

229 93 339 146 364
896 96 1174 140 ΚῼΝΙΚΩΝ
1206 93 1270 152 γ’.

341 216 590 267 ἔστωσαν
646 211 1022 285 ἀντικείμεναι
1079 216 1140 269 αἱ
1183 220 1261 285 A,
1303 219 1376 285 Β,
1435 214 1816 287 ἐφαπτόμεναι
1870 216 1933 273 δὲ

228 298 417 356 αὐτῶν
451 303 513 355 αἱ
533 306 664 372 ΑΓ,
690 306 805 356 ΒΔ
829 301 1178 375 παράλληλοι
1203 306 1469 374 ἔστωσαν,
1500 304 1592 360 καὶ
1619 304 1932 377 ἐπεζεύχθω

226 387 260 460 ἡ
307 396 431 445 AB.
511 390 840 461 διήχθωσαν
889 390 958 463 δὴ
1007 389 1040 462 ἡ
1089 391 1191 465 μὲν
1244 394 1419 455 ΕΞΗ
1456 394 1606 464 παρὰ
1652 391 1756 465 τὴν
1795 400 1931 466 ΑΒ,

225 475 259 549 ἡ
302 477 364 533 δὲ
403 484 665 534 ΚΕΛΜ
694 479 844 550 παρὰ
883 478 988 551 τὴν
1028 485 1151 536 ΑΓ.
1227 482 1397 552 λέγω,
1437 478 1521 537 ὅτι
1563 483 1743 553 ἐστίν,
1783 480 1859 548 ὡς
1896 481 1931 554 ἡ

227 573 335 622 AB
388 566 528 638 πρὸς
579 566 684 638 τὴν
740 566 951 639 ὀρθίαν
994 572 1100 624 τοῦ
1148 572 1335 634 εἴδους
1379 569 1652 643 πλευράν,
1708 572 1770 627 τὸ
1818 570 1929 628 ὑπὸ

230 658 400 718 ΗΕΞ
434 655 575 729 πρὸς
612 655 674 712 τὸ
716 654 825 712 ὑπὸ
869 663 1070 714 KEM.

337 743 608 817 ἤχθωσαν
641 744 736 801 διὰ
768 750 883 801 τῶν
914 751 991 817 Η,
1024 749 1074 810 Ξ
1101 745 1250 818 παρὰ
1280 746 1384 819 τὴν
1417 753 1532 804 ΑΓ
1556 750 1620 803 αἱ
1646 749 1777 820 ΞΝ,
1801 755 1931 804 ΗΖ.

339 835 454 890 ἐπεὶ
508 833 617 907 γὰρ
674 837 737 890 αἱ
785 840 917 904 ΑΓ,
974 842 1085 891 ΒΔ
1142 835 1524 909 ἐφαπτόμεναι
1575 839 1689 893 τῶν
1741 840 1929 910 τομῶν

224 922 580 995 παράλληλοί
628 927 762 995 εἰσι,
820 923 1115 998 διάμετρος
1161 924 1265 996 μὲν
1312 923 1345 997 ἡ
1394 932 1505 981 AB
1518 968 1532 996 ,
1587 927 1930 999 τεταγμένως

226 1010 288 1067 δὲ
335 1010 418 1067 ἐπ’
463 1011 642 1084 αὐτὴν
689 1014 1029 1085 κατηγμέναι
1077 1016 1138 1069 αἱ
1184 1019 1325 1084 ΚΛ,
1373 1017 1515 1085 ΞΝ,
1553 1018 1691 1070 ΗΖ·
1776 1019 1930 1071 ἔσται

225 1092 358 1167 οὖν,
399 1097 475 1165 ὡς
512 1098 546 1171 ἡ
588 1107 698 1156 AB
736 1100 877 1173 πρὸς
914 1103 1021 1173 τὴν
1063 1100 1272 1175 ὀρθίαν
1311 1102 1577 1175 πλευράν,
1615 1103 1680 1159 τό
1718 1125 1777 1160 τε
1815 1101 1927 1161 ὑπὸ

222 1194 398 1244 ΒΛΑ
444 1190 583 1262 πρὸς
627 1189 690 1246 τὸ
742 1188 849 1246 ἀπὸ
893 1197 1013 1246 ΛΚ
1054 1191 1147 1246 καὶ
1193 1190 1256 1247 τὸ
1307 1188 1415 1248 ὑπὲ.
1459 1197 1638 1247 ΒΝΑ
1683 1190 1823 1266 πρὸς
1860 1194 1925 1249 τὸ

223 1275 330 1333 ἀπὸ
371 1280 508 1349 ΝΞ,
556 1280 807 1336 τουτέστι
846 1278 910 1335 τὸ
950 1277 1058 1335 ἀπὸ
1101 1285 1225 1337 ΛΕ.
1304 1284 1456 1336 ἔστιν
1496 1281 1634 1352 ἄρα,
1676 1280 1752 1347 ὡς
1792 1279 1928 1337 ὅλον

221 1365 283 1422 τὸ
332 1364 441 1423 ὑπὸ
477 1373 662 1423 ’ΒΛΑ
707 1368 847 1441 πρὸς
894 1369 1031 1424 ὅλον
1076 1368 1138 1425 τὸ
1186 1367 1295 1424 ἀπὸ
1345 1375 1488 1440 ΚΛ,
1536 1367 1715 1436 οὕτως
1761 1368 1927 1441 ἀφαι-

224 1455 394 1528 ρεθὲν
451 1455 514 1512 τὸ
570 1454 681 1512 ὑπὸ
730 1463 930 1529 ΒΝΑ,
982 1460 1234 1514 τουτέστι
1279 1456 1343 1514 τὸ
1391 1457 1500 1513 ὑπὸ
1551 1464 1747 1514 ΖΑΝ·
1834 1466 1926 1530 ἴση

222 1544 330 1618 γὰρ
386 1543 421 1615 ἡ
467 1551 588 1600 NA
640 1549 707 1619 τῇ
754 1552 882 1602 ΒΖ·
969 1546 1110 1619 πρὸς
1164 1545 1478 1619 ἀφαιρεθὲν
1525 1549 1588 1602 τὸ
1637 1546 1747 1603 ἀπὸ
1795 1554 1927 1603 ΛΕ·

221 1635 315 1689 καὶ
370 1635 574 1690 λοιπὸν
621 1635 732 1706 ἄρα
777 1634 842 1691 τὸ
890 1633 1000 1692 ὑπὸ
1051 1641 1233 1692 ΖΛΝ
1271 1635 1410 1709 πρὸς
1456 1634 1657 1692 λοιπὸν
1704 1635 1769 1692 τὸ
1814 1633 1926 1692 ὑπὸ

222 1729 421 1779 ΚΕΜ
459 1726 637 1795 ἐστιν,
687 1722 761 1790 ὡς
807 1724 841 1796 ἡ
893 1731 1005 1780 ΑΒ
1051 1724 1190 1798 πρὸς
1235 1724 1338 1797 τὴν
1386 1724 1610 1798 ὀρθίαν.
1688 1731 1815 1781 ἴσον
1863 1724 1927 1781 δὲ

221 1813 283 1867 τὸ
340 1810 450 1868 ὑπὸ
502 1819 684 1868 ΖΛΝ
729 1816 804 1888 τῷ
859 1811 970 1870 ὑπὸ
1019 1817 1209 1878 ΗΕΞ·
1297 1812 1370 1880 ὡς
1425 1812 1534 1886 ἄρα
1585 1812 1618 1885 ἡ
1667 1820 1777 1870 AB
1824 1817 1927 1869 τοῦ

223 1904 411 1966 εἴδους
447 1906 653 1972 πλαγία
693 1903 904 1974 πλευρὰ
941 1902 1081 1975 πρὸς
1117 1902 1220 1974 τὴν
1253 1900 1480 1975 ὀρθίαν,
1518 1902 1582 1958 τὸ
1614 1900 1723 1958 ὑπὸ
1755 1906 1875 1956 ΗΕ
1884 1905 1935 1965 Ξ

220 1988 362 2061 πρὸς
399 1987 463 2045 τὸ
504 1988 613 2045 ὑπὸ
656 1994 856 2045 ΚΕΜ.

1018 2168 1123 2238 κγ’.

328 2283 459 2340 Ἐὰν
524 2287 585 2341 ἐν
647 2297 767 2352 ταῖς
826 2285 964 2342 κατα
1030 2291 1297 2357 συζυγίαν
1353 2284 1760 2358 ἀντικειμέναις
1813 2286 1919 2343 δύο

222 2372 442 2429 εὐθεῖαι
496 2377 609 2430 τῶν
654 2375 774 2429 κατ’
821 2377 1081 2431 ἐναντίον
1128 2378 1316 2446 τομῶν
1363 2374 1737 2442 ἐπιψαύουσαι
1784 2390 1919 2446 συμ-

219 2467 494 2518 πίπτωσιν
536 2463 623 2519 ἐπὶ
663 2466 807 2534 μιᾶς,
848 2456 913 2534 ἧς
952 2468 1167 2535 ἔτυχον,
1198 2466 1389 2535 τομῆς,
1431 2460 1650 2535 ἀχθῶσι
1684 2465 1750 2519 δέ
1775 2485 1921 2530 τινες

220 2553 369 2622 παρὰ
433 2553 532 2617 τὰς
588 2553 974 2624 ἐφαπτομένας
1027 2554 1330 2624 τέμνουσαι
1385 2549 1626 2623 ἀλλήλας
1676 2553 1769 2607 καὶ
1822 2553 1921 2616 τὰς

222 2641 408 2713 ἑτέρας
432 2639 834 2712 ἀντικειμένας,
861 2645 1031 2712 ἔσται,
1059 2639 1133 2707 ὥς
1155 2642 1222 2697 τὰ
1249 2639 1355 2696 ἀπὸ
1384 2644 1496 2696 τῶν
1516 2641 1917 2712 ἐφαπτομένων

341 2838 381 2876 3.
415 2828 495 2890 δή]
530 2830 583 2877 δέ
615 2834 799 2889 Halley.
894 2838 934 2877 4.
969 2835 1181 2877 EKAM
1207 2833 1261 2888 V,
1295 2846 1410 2877 corr.
1436 2847 1483 2889 p.
1577 2837 1617 2876 8.
1652 2829 1761 2890 γάρ]
1796 2826 1914 2877 οὖνῗ

281 2895 350 2935 24.
386 2893 728 2948 συμπίπτουσιν
763 2907 805 2948 v,
838 2893 880 2937 V
915 2894 987 2948 (ov
1021 2906 1137 2936 corr.
1171 2892 1220 2936 in
1254 2894 1361 2948 (οὓς
1395 2905 1509 2936 corr.
1542 2904 1622 2947 pe.
