1942 3172
185 92 211 142 1
220 90 252 143 6
834 90 1114 134 ΚΩΝΙΚΩΝ
1145 108 1177 136 οι
1190 88 1217 135 '.

186 215 355 266 ΑΒΓ
389 210 654 285 ἐπιπέδῳ,
706 207 901 265 εὐθεῖα
939 207 1048 281 ἄρα
1088 210 1239 266 ἐστὶν
1277 208 1312 282 ἡ
1356 215 1549 268 ΔΗΕ.
1620 211 1876 284 εἰλήφθω

183 299 253 370 δή
293 323 344 356 τι
385 311 621 371 σημεῖον
667 299 754 354 ἐπὶ
793 302 890 370 τῆς
930 304 1044 354 ΔΕ
1086 303 1345 372 γραμμῆς
1390 298 1454 356 τὸ
1495 306 1567 372 Θ,
1622 301 1715 357 καὶ
1763 302 1876 357 ἐπι-

184 394 475 462 ζευχθεῖσα
521 387 555 460 ἡ
606 394 712 443 ΑΘ
762 387 1135 461 ἐκβεβλήσθω.
1224 394 1500 461 συμβαλεῖ
1551 388 1620 462 δὴ
1665 393 1733 464 τῇ
1773 396 1884 448 ΒΓ

184 483 523 552 περιφερείᾳ.
577 478 931 550 συμβαλλέτω
963 477 1100 533 κατὰ
1131 477 1194 534 τὸ
1221 484 1294 549 Κ,
1333 479 1425 534 καὶ
1457 473 1877 552 ἐπεζεύχθωσαν

123 578 149 617 5
186 571 249 623 αἱ
291 574 428 638 ΗΘ,
475 574 600 624 ΖΚ.
690 568 783 623 καὶ
830 567 945 622 ἐπεὶ
994 567 1097 622 δύο
1155 569 1387 624 ἐπίπεδα
1440 568 1764 642 παράλληλα
1810 567 1878 625 τὰ

185 664 317 727 ΔΕ,
357 663 470 713 ΒΓ
510 655 618 713 ὑπὸ
662 657 927 726 ἐπιπέδου
965 656 1118 722 τινὸς
1155 658 1409 729 τέμνεται
1447 660 1549 713 τοῦ
1587 663 1777 730 ΑΒΓ,
1821 661 1883 714 αἱ

186 747 373 802 κοιναὶ
413 744 600 803 αὐτῶν
638 746 802 818 τομαὶ
833 746 1186 817 παράλληλοί
1212 750 1340 802 εἰσι·
1381 746 1736 819 παράλληλος
1766 745 1876 818 ἄρα

181 836 336 892 ἐστὶν
375 834 409 907 ἡ
452 842 569 892 ΔΕ
604 839 669 908 τῇ
710 840 825 890 ΒΓ.
905 833 998 890 διὰ
1036 834 1103 890 τὰ
1144 833 1285 891 αὐτὰ
1334 834 1403 907 δὴ
1450 836 1542 891 καὶ
1580 833 1615 908 ἡ
1655 839 1772 893 ΗΘ
1809 840 1875 910 τῇ
1928 853 1932 874 ²

185 931 295 980 KZ
333 925 700 998 παράλληλος.
762 928 913 980 ἔστιν
952 923 1060 996 ἄρα
1100 924 1172 991 ὡς
1212 923 1245 996 ἡ
1281 931 1390 980 ΖΑ
1427 923 1565 996 πρὸς
1604 925 1707 997 τὴν
1739 931 1876 998 ΑΗ,
1936 915 1942 929 ⁵

93 1024 148 1064 10
184 1013 362 1080 οὕτως
407 1013 442 1086 ἤ
483 1037 541 1070 τε
582 1020 683 1069 ΖΒ
731 1012 869 1085 πρὸς
909 1020 1037 1069 ΔΗ
1083 1014 1176 1069 καὶ
1223 1012 1257 1085 ἡ
1301 1020 1408 1070 ΖΓ
1446 1013 1585 1087 πρὸς
1622 1021 1742 1071 ΗΕ
1783 1015 1876 1070 καὶ
1939 1014 1942 1078 ζ

179 1101 215 1175 ἡ
258 1111 369 1160 ΖΚ
405 1103 543 1176 πρὸς
573 1109 704 1162 ΗΘ.
771 1109 870 1159 καί
895 1108 1038 1159 εἰσιν
1079 1107 1141 1159 αἱ
1175 1115 1322 1177 τρεῖς
1361 1107 1423 1160 αἱ
1458 1110 1580 1175 ΒΖ,
1613 1106 1742 1175 ΚΖ,
1776 1109 1885 1160 ΖΓ
1939 1096 1942 1154 ἷ

181 1200 298 1249 ἴσαι
329 1191 613 1265 ἀλλήλαις·
659 1194 750 1248 καὶ
784 1196 845 1248 αἱ
873 1205 1018 1267 τρεῖς
1050 1192 1157 1266 ἄρα
1191 1196 1252 1248 αἱ
1282 1201 1338 1249 A
1347 1199 1422 1263 H,
1446 1198 1579 1265 ΗΘ,
1605 1199 1723 1249 ΗΕ
1759 1200 1875 1250 ἴσαι
1938 1200 1942 1262 1

181 1283 325 1338 εἰσὶν
358 1282 635 1354 ἀλλήλαις.
699 1281 904 1354 ὁμοίως
945 1281 1014 1353 δὴ
1057 1283 1328 1354 δείξομεν,
1370 1281 1455 1338 ὅτι
1487 1282 1579 1337 καὶ
1610 1291 1783 1338 πᾶσαι
1815 1286 1877 1339 αἱ
1935 1271 1942 1356 3³

179 1369 290 1428 ἀπὸ
346 1375 446 1428 τοῦ
493 1378 561 1427 Η
607 1377 839 1445 σημείου
893 1371 1032 1445 πρὸς
1082 1372 1184 1444 τὴν
1233 1378 1349 1427 ΔΕ
1399 1370 1660 1444 γραμμὴν
1706 1389 1874 1444 προσ·
1933 1357 1942 1414 ⁴·

94 1474 148 1514 15
182 1466 480 1517 πίπτουσαι
521 1459 740 1518 εὐθεῖαι
778 1469 893 1517 ἴσαι
934 1459 1196 1532 ἀλλήλαις
1235 1464 1356 1517 εἰσί.

290 1550 494 1617 κύκλος
534 1549 644 1622 ἀρα
684 1551 833 1607 ἐστὶν
872 1548 905 1622 ἡ
938 1557 1056 1606 ΔΕ
1090 1549 1313 1622 γραμμὴ
1352 1549 1416 1606 τὸ
1458 1552 1690 1622 κέντρον
1730 1555 1873 1624 ἔχων
1936 1557 1942 1625 ξ

180 1640 267 1695 ἐπὶ
305 1644 408 1696 τοῦ
446 1639 661 1708 ἄξονος.
1938 1634 1942 1677 ¹

291 1730 383 1784 καὶ
431 1729 712 1801 φανερόν,
768 1727 852 1784 ὅτι
898 1728 960 1784 τὸ
1009 1728 1407 1801 περιεχόμενον
1446 1731 1626 1800 σχῆμα
1665 1727 1776 1786 ὑπό
1816 1752 1874 1785 τε
1939 1727 1942 1732 ’

180 1820 281 1873 τοῦ
322 1825 376 1872 Δ
387 1824 436 1874 Ε
471 1817 682 1874 κύκλου
719 1818 812 1873 καὶ
850 1821 947 1888 τῆς
985 1816 1522 1889 ἀπολαμβανομένης
1559 1815 1654 1873 ὑπ’
1696 1817 1872 1875 αὐτοῦ

90 1921 148 1962 20
180 1906 320 1977 πρὸς
359 1911 434 1983 τῷ
476 1916 528 1963 Α
568 1912 774 1982 σημείῳ
814 1910 1054 1977 κωνικῆς
1094 1908 1418 1978 ἐπιφανείας
1455 1906 1638 1973 κῶνός
1677 1909 1805 1963 ἐστι.

289 1997 380 2051 καὶ
410 1998 925 2067 συναποδέδεικται,
958 1994 1043 2052 ὅτι
1075 1994 1108 2067 ἡ
1142 1993 1305 2067 κοινὴ
1337 1997 1477 2068 τομὴ
1509 1999 1610 2052 τοῦ
1640 1996 1866 2068 τέμνον-

177 2071 270 2151 τός
310 2088 575 2143 ἐπιπέδου
621 2087 714 2142 καὶ
758 2089 860 2142 τοῦ
900 2085 993 2141 διὰ
1042 2089 1143 2141 τοῦ
1191 2083 1393 2152 ἄξονος
1430 2084 1711 2157 τριγώνου
1751 2085 1870 2141 διά-

178 2174 378 2248 μετρός
417 2177 532 2231 ἐστι
570 2178 671 2231 τοῦ
709 2174 933 2231 κύκλου.

994 2331 1018 2364 ε
1044 2352 1055 2363 .

88 2411 145 2451 25
287 2397 417 2455 Ἐὰν
442 2402 623 2463 κῶνος
647 2397 921 2469 σκαληνὸς
946 2399 1184 2473 ἐπιπέδῳ
1210 2401 1396 2470 τμηθῇ
1423 2397 1515 2452 διὰ
1538 2399 1638 2452 τοῦ
1669 2394 1871 2463 ἄξονος

180 2485 316 2559 πρὸς
365 2485 543 2558 ὀρθὰς
588 2496 653 2561 τῇ
701 2486 884 2557 βάσει,
936 2489 1124 2559 τμηθῇ
1173 2484 1234 2541 δὲ
1279 2485 1370 2540 καὶ
1418 2485 1583 2560 ἑτέρῳ
1629 2486 1866 2560 ἐπιπέδῳ
1940 2497 1942 2499 ’

178 2575 318 2647 πρὸς
343 2574 521 2647 ὀρθὰς
546 2575 647 2647 μὲν
672 2578 747 2650 τῷ
775 2573 867 2630 διὰ
886 2585 987 2630 τοῦ
1006 2574 1206 2642 ἄξονος
1228 2572 1501 2649 τριγώνῳ,
1527 2571 1869 2644 ἀφαιροῦντι

181 2664 243 2720 δὲ
282 2663 421 2736 πρὸς
458 2669 523 2738 τῇ
563 2667 785 2737 κορυφῇ
822 2669 1101 2735 τρίγωνον
1143 2664 1343 2735 ὅμοιον
1383 2662 1485 2734 μὲν
1523 2665 1600 2738 τῷ
1641 2661 1734 2718 διὰ
1766 2665 1868 2718 τοῦ

302 2789 341 2827 6.
382 2783 602 2841 τέμνεται
639 2783 744 2842 τοῦ]
784 2782 857 2826 bis
897 2781 963 2840 (in
1005 2784 1117 2827 extr.
1159 2784 1206 2826 eb
1242 2796 1309 2838 pr.
1343 2782 1441 2836 fol.)
1484 2779 1534 2835 V,
1581 2794 1697 2826 corr.
1729 2796 1789 2825 m.
1825 2785 1864 2825 1.

242 2849 308 2887 11.
351 2842 428 2901 αἴ]
463 2843 579 2900 (alb.)
612 2859 664 2900 p,
698 2856 786 2887 om.
819 2841 875 2898 V,
915 2855 1030 2886 corr.
1063 2856 1121 2886 m.
1156 2846 1181 2885 2
1222 2856 1265 2886 v.
1387 2845 1456 2885 20.
1498 2840 1559 2900 τῷ
1593 2846 1629 2884 Α
1668 2840 1863 2899 σημείῳ]

180 2901 279 2947 sine
313 2917 455 2947 causa
487 2918 584 2959 rep.
615 2917 709 2960 mg.
743 2918 802 2946 m.
836 2915 925 2946 ree.
960 2902 1033 2945 V.·
