1982 3178
631 109 987 153 GONIOORUM
1016 110 1198 150 LIBER
1228 110 1262 150 1.
1533 123 1536 125 ·
1721 105 1785 157 81

103 227 327 284 ducatur
366 232 491 282 AZ.
562 232 671 281 AZ
709 228 877 298 igitur
916 227 1177 296 producta
1216 245 1337 280 cum
1378 227 1640 279 diametro
1683 243 1789 278 sec-

101 318 266 371 tionis
321 321 599 372 concurret
647 319 823 387 [prop.
866 315 1070 383 XXII].
1156 319 1440 369 concurrat
1485 316 1539 367 in
1586 318 1652 367 A.
1737 317 1792 366 et

103 408 275 460 ΓΛΕ
326 407 468 459 inter
522 407 815 460 sectionem
870 408 925 458 et
977 408 1180 457 rectam
1236 408 1408 457 ZAA
1460 403 1640 473 posita
1693 405 1790 455 est.

103 511 230 564 ergo
269 494 432 548 etiam
464 497 518 548 Γ
521 499 575 547 Δ
585 499 636 547 Ε
670 494 935 563 producta
966 512 1085 546 eum
1118 493 1381 546 diametro
1415 475 1791 545 extra-sectio-

101 599 224 635 nem
263 587 556 636 concurret.

862 772 1028 826 XXV.

214 891 270 945 Si
317 896 465 946 recta
512 911 632 946 cum
680 893 859 962 ellipsi
905 893 1044 944 inter
1093 891 1278 944 ambas
1327 890 1617 942 diametros
1666 906 1791 940 con-

105 999 322 1034 currens
360 981 417 1033 in
456 984 734 1049 utramque
774 984 984 1049 partem
1023 979 1284 1049 producta
1317 980 1467 1031 extra
1500 977 1791 1030 sectionem

0 1109 3 1115 ·
104 1069 267 1139 cadit,
307 1081 427 1123 cum
465 1074 693 1140 utraque
734 1069 994 1122 diametro
1035 1070 1327 1121 concurret.

213 1159 287 1212 sit
326 1159 553 1228 ellipsiS,
601 1159 751 1212 cuius
792 1157 1041 1210 diametri
1082 1156 1192 1208 sint
1231 1158 1362 1224 AB,
1401 1156 1455 1207 Γ
1458 1159 1534 1223 A,
1577 1156 1631 1206 et
1669 1171 1790 1206 cum

6 1309 14 1327 ,›
104 1264 166 1300 ea
211 1249 358 1300 recta
399 1251 500 1300 ΕΖ
548 1248 689 1299 inter
735 1247 921 1300 ambas
972 1246 1264 1298 diametros
1312 1246 1596 1297 concurrat
1641 1242 1695 1294 in
1737 1243 1799 1293 H

857 1338 910 1388 et
963 1335 1020 1387 in
1073 1336 1357 1402 utramque
1410 1334 1621 1402 partem
1668 1347 1792 1398 pro—

462 1398 571 1478 PE
856 1423 1015 1475 ducta
1069 1426 1221 1474 extra
1274 1421 1565 1473 sectionem
1620 1417 1791 1470 cadat.

40 1542 42 1544 v
217 1487 725 1648 ἐἰ
856 1511 998 1578 dico,
1060 1513 1164 1561 EZ
1219 1527 1338 1562 cum
1400 1511 1626 1576 utraque
1681 1506 1789 1558 dia-

100 1623 139 1659 Ζ
163 1632 206 1673 A
742 1632 767 1668 ,ι
856 1601 1028 1651 metro
1068 1601 1191 1665 ΑΒ,
1224 1599 1333 1648 ΓΛ
1373 1611 1701 1649 concurrere.

217 1647 726 1813 Ἦ,
968 1686 1035 1738 ab
1085 1688 1150 1737 H
1197 1685 1262 1737 ad
1317 1687 1446 1748 AB,
1488 1685 1596 1736 ΓΛ
1651 1682 1790 1735 ordi-

855 1777 982 1827 nate
1008 1774 1270 1826 ducantur
1294 1776 1422 1841 ΗΘ,
1445 1775 1503 1824 H
1512 1774 1577 1825 K.
1625 1789 1790 1840 quon-

430 1826 474 1864 A
857 1864 967 1915 iam
1007 1863 1130 1914 HK
1171 1863 1347 1914 rectae
1382 1864 1491 1912 AB
1531 1858 1792 1928 parallela

107 1959 216 2027 est,
269 1958 324 2008 et
369 1958 516 2007 recta
563 1954 744 2022 aliqua
783 1956 895 2004 HZ
942 1969 1063 2004 cum
1109 1951 1234 2002 HK
1283 1948 1575 2016 concurrit,
1629 1947 1790 1999 etiam

105 2062 225 2098 cum
273 2045 380 2097 AB
436 2044 728 2095 concurret.
820 2044 874 2092 et
928 2039 1111 2092 eadem
1167 2038 1230 2090 de
1279 2055 1439 2090 causa
1486 2037 1648 2088 etiam
1688 2038 1791 2087 EZ

49 2122 52 2124 ’
106 2151 225 2185 cum
266 2134 376 2185 ΓΛ
418 2132 712 2183 concurret.

848 2317 1049 2372 XXVI.

217 2437 274 2491 Si
321 2438 377 2490 in
422 2437 680 2506 parabola
727 2437 813 2489 uel
851 2435 1150 2505 hyperbola
1189 2438 1337 2488 recta
1376 2434 1637 2486 diametro
1679 2449 1787 2485 sec·

104 2527 268 2580 tionis
314 2526 572 2594 parallela
619 2525 855 2589 ducitur,
901 2542 1021 2577 cum
1071 2523 1304 2576 sectione
1344 2523 1400 2574 in
1439 2539 1548 2573 uno
1588 2523 1788 2588 puncto

107 2615 223 2668 solo
261 2616 553 2667 concurret.

218 2703 288 2755 sit
323 2703 473 2771 prius
506 2702 782 2770 parabola,
822 2701 968 2753 cuius
1003 2700 1293 2752 diametrus
1327 2698 1400 2750 sit
1431 2698 1608 2765 ΑΒΓ,
1646 2696 1789 2748 latus

11 2781 32 2856 ᾗ,
108 2793 285 2843 autem
317 2793 521 2843 rectum
547 2794 600 2841 A
611 2794 680 2859 A,
712 2791 766 2841 et
796 2791 972 2842 rectae
997 2792 1106 2840 AB
1134 2786 1397 2855 parallela
1423 2785 1649 2836 ducatur
1671 2786 1792 2836 EZ.

14 2845 46 2954 ’ξ
107 2877 254 2947 dico,
291 2881 391 2929 EZ
431 2878 749 2946 productam
789 2895 908 2930 cum
949 2877 1186 2929 sectione
1226 2890 1554 2927 concurrere.

39 2955 44 2974 ἶ
198 2970 515 3013 Apollonius,
547 2972 603 3004 ed.
628 2971 806 3011 Heiberg.
1500 2963 1525 3001 6
