1982 3178
176 61 248 115 34
838 65 1115 111 ΚΩΝΙΚΩΝ
1146 62 1216 111 α’.

175 181 509 258 παραλλήλῳ
543 181 662 239 ὄντι
694 187 760 257 τῇ
793 183 952 254 βάσει
981 184 1115 256 μήτε
1139 182 1510 258 ὑπεναντίως,
1531 186 1626 243 καὶ
1647 193 1870 245 ποιείτω

174 274 354 344 τομὴν
397 274 456 328 ἐν
489 276 555 346 τῇ
589 274 883 347 ἐπιφανείᾳ
913 271 1016 345 τὴν
1043 279 1219 331 ΛΚΕ
1246 275 1522 348 γραμμήν.
1582 275 1744 349 λέγω,
1785 276 1872 333 ὅτι

175 359 207 433 ἡ
254 368 436 418 ΛΚΕ
470 360 693 434 γραμμὴ
735 359 838 418 οὐκ
879 367 1030 419 ἔσται
1068 363 1283 430 κύκλος.

292 455 344 507 εί
380 450 488 523 γὰρ
530 450 803 523 δυνατόν,
843 456 1007 523 ἔστω,
1047 453 1141 508 καὶ
1181 455 1530 525 συμπιπτέτω
1568 452 1630 511 τὸ
1665 455 1872 527 τέμνον

117 558 144 597 5
180 542 441 597 ἐπίπεδον
481 544 547 614 τῇ
580 539 759 612 βάσει,
797 542 889 597 καὶ
930 546 1067 598 ἔστω
1100 545 1212 598 τῶν
1246 544 1519 599 ἐπιπέδων
1541 543 1703 615 κοινὴ
1729 542 1869 616 τομὴ
1963 576 1965 578 v

176 628 209 702 ἡ
249 636 377 700 ΖΗ,
416 629 479 686 τὸ
523 630 585 686 δὲ
622 631 855 704 κέντρον
895 634 996 687 τοῦ
1028 637 1137 687 ΒΓ
1167 635 1376 688 κύκλου
1409 637 1546 690 ἔστω
1578 631 1641 689 τὸ
1674 638 1740 703 Θ,
1778 633 1871 688 καὶ

178 717 270 776 ἀπ’
311 718 488 776 αὐτοῦ
526 715 765 786 κάθετος
803 718 964 792 ἤχθω
1007 721 1094 777 ἐπὶ
1135 721 1239 792 τὴν
1272 728 1391 777 ΖΗ
1421 720 1455 794 ἡ
1488 728 1618 793 ΘΗ,
1657 722 1750 777 καὶ
1790 723 1871 778 έκ-

177 808 475 881 βεβλήσθω
517 808 609 864 διὰ
650 813 746 881 τῆς
784 816 897 865 ΗΘ
941 810 1033 865 καὶ
1080 814 1180 866 τοῦ
1230 809 1433 877 ἄξονος
1472 812 1735 868 ἐπίπεδον
1779 811 1873 867 καὶ
1975 837 1979 840 ·

177 904 401 955 ποιείτω
447 899 621 970 τομὰς
669 901 728 955 ἐν
776 902 842 972 τῇ
887 902 1094 972 κωνικῇ
1137 895 1566 974 ε’πιφανείᾳτὰς
1604 907 1732 972 ΒΑ,
1763 905 1879 957 ΑΓ

93 1004 148 1044 10
181 988 419 1054 εὐθείας.
499 989 615 1044 ἐπεὶ
657 981 760 1044 οὖν
800 987 866 1044 τὰ
909 996 987 1060 Λ,
1021 995 1094 1060 Ε,
1131 995 1192 1044 Η
1225 1001 1424 1062 σημεῖα
1465 994 1526 1045 ἔν
1563 1012 1622 1046 τε
1660 993 1735 1066 τῷ
1778 988 1871 1045 διὰ
1979 1032 1982 1039 .

177 1083 276 1150 τῆς
316 1083 497 1134 ΛΚΕ
534 1079 772 1146 ἐπιπέδῳ
807 1080 984 1148 ἐστίν,
1024 1082 1137 1134 ε”στι
1180 1078 1241 1134 δὲ
1279 1078 1371 1134 καὶ
1411 1081 1471 1135 ἐν
1509 1082 1594 1156 τῷ
1626 1079 1720 1135 διὰ
1758 1081 1872 1136 τῶν

178 1177 248 1238 Α,
281 1174 348 1239 Β,
378 1173 442 1239 Γ,
481 1166 546 1223 τὰ
580 1166 687 1237 ἄρα
719 1174 791 1237 Λ,
817 1173 883 1237 Ε,
908 1173 972 1223 Η
1006 1180 1201 1240 σημεῖα
1235 1169 1322 1224 ἐπὶ
1353 1171 1450 1240 τῆς
1479 1171 1671 1241 κοινῆς
1701 1171 1873 1240 τομῆς

178 1266 292 1314 τῶν
318 1257 591 1312 ἐπιπέδων
615 1257 787 1312 ἐστίν·
821 1255 1015 1312 εὐθεῖα
1034 1257 1141 1328 ἄρα
1159 1255 1575 1329 έστὶνὴΗΕΛ.
1615 1257 1870 1330 εἰλήφθω

180 1346 250 1418 δή
292 1369 343 1402 τι
384 1346 472 1403 ἐπὶ
509 1349 607 1417 τῆς
648 1351 826 1401 ΛΚΕ
861 1350 1117 1419 γραμμῆς
1155 1358 1388 1419 σημεῖον
1426 1345 1489 1403 τὸ
1529 1353 1617 1418 Κ,
1644 1347 1737 1403 καὶ
1778 1344 1872 1403 διὰ

94 1450 147 1490 15
178 1440 279 1492 τοῦ
313 1441 370 1491 Κ
403 1445 468 1510 τῇ
505 1441 624 1490 ΖΗ
654 1435 1005 1507 παράλληλος
1043 1434 1201 1509 ἤχθω
1243 1434 1276 1507 ἡ
1310 1442 1446 1492 ΚΛ·
1486 1440 1637 1492 ἔσται
1675 1434 1746 1508 δὴ
1779 1443 1871 1508 ἴση

55 1549 71 1561 ·
179 1524 213 1598 ἡ
241 1531 378 1581 ΚΜ
401 1529 465 1599 τῇ
491 1531 631 1581 ΜΛ.
686 1523 720 1596 ἡ
753 1524 861 1596 ἄρα
888 1532 1005 1581 ΛΕ
1035 1525 1326 1598 διάμετρός
1363 1528 1478 1582 ἐστι
1508 1529 1609 1581 τοῦ
1635 1530 1876 1581 ΛΚΛΕ
1978 1591 1979 1594 ¹

182 1614 407 1671 κύκλου.
484 1613 644 1687 ἤχθω
694 1614 763 1686 δὴ
812 1613 903 1670 διὰ
945 1619 1045 1671 τοῦ
1086 1621 1157 1671 Μ
1196 1619 1260 1688 τῇ
1306 1620 1411 1670 ΒΓ
1448 1613 1799 1687 παράλληλος
1836 1637 1871 1686 η

180 1707 390 1768 ΝΜΞ·
443 1708 557 1760 ἔστι
599 1704 659 1760 δὲ
697 1705 789 1759 καὶ
827 1702 861 1776 ἡ
903 1710 1018 1760 ΚΛ
1055 1708 1121 1778 τῇ
1165 1710 1284 1759 ΖΗ
1313 1703 1685 1775 παράλληλος·
1733 1702 1873 1760 ὥστε

179 1793 241 1850 τὸ
284 1793 379 1848 διὰ
418 1796 531 1849 τῶν
572 1796 707 1864 ΝΞ,
740 1799 876 1848 ΚΜ
918 1795 1180 1849 ἐπίπεδον
1229 1792 1588 1865 παράλληλόν
1637 1794 1750 1848 ἐστι
1795 1795 1871 1868 τῷ

90 1894 147 1934 20
182 1881 275 1938 διὰ
305 1886 417 1938 τῶν
442 1887 563 1953 ΒΓ,
591 1888 718 1952 ΖΗ,
758 1883 1006 1937 τουτέστι
1045 1891 1109 1956 τῇ
1141 1881 1318 1952 βάσει,
1357 1882 1451 1937 καὶ
1483 1886 1634 1938 ἔσται
1665 1879 1700 1952 ἡ
1731 1879 1871 1953 τομὴ

180 1971 397 2037 κύκλος.
460 1975 596 2027 ἔστω
639 1969 668 2026 ὅ
711 1977 774 2026 Ν
779 1977 834 2026 Κ
841 1974 899 2034 Ξ.
966 1972 1057 2026 καὶ
1098 1971 1212 2026 ἐπεὶ
1252 1968 1285 2042 ἡ
1329 1977 1444 2026 ΖΗ
1477 1974 1542 2044 τῇ
1582 1976 1699 2026 ΒΗ
1734 1969 1874 2042 πρὸς

185 2059 364 2131 ὀρθάς
395 2061 528 2132 ἐστι,
568 2060 657 2115 καὶ
691 2057 724 2131 ἡ
751 2066 883 2115 ΚΜ
909 2064 974 2133 τῇ
1001 2063 1116 2122 ΝΞ
1141 2059 1279 2132 πρὸς
1312 2058 1491 2131 ὀρθάς
1523 2061 1692 2115 ἐστιν·
1733 2057 1872 2115 ὥστε

181 2149 243 2207 τὸ
285 2148 394 2206 ὑπὸ
434 2153 547 2205 τῶν
588 2151 777 2212 ΝΜΞ
821 2157 946 2205 ἴσον
989 2151 1102 2205 ἐστὶ
1140 2153 1215 2223 τῷ
1256 2148 1364 2205 ἀπὸ
1405 2152 1501 2218 τῆς
1539 2153 1680 2205 ΚΜ
1758 2153 1873 2205 ἔστι

184 2240 245 2297 δὲ
284 2239 346 2296 τὸ
386 2237 496 2295 ὑπὸ
535 2242 648 2294 τῶν
691 2244 879 2294 ΛΜΕ
915 2246 1040 2294 ι”σον
1080 2242 1153 2313 τῷ
1195 2237 1302 2294 ἀπὸ
1343 2243 1439 2309 τῆς
1478 2242 1632 2294 ΚΜ·
1670 2236 1873 2305 κύκλος

92 2341 149 2380 25
182 2329 291 2401 γὰρ
324 2326 612 2385 ὑπόκειται
645 2325 679 2398 ἡ
707 2335 761 2382 Λ
772 2329 943 2383 ΚΕΛ
974 2327 1217 2399 γραμμή,
1248 2328 1340 2383 καὶ
1374 2326 1666 2399 διάμετρος
1697 2325 1871 2382 αὐτοῦ
1963 2323 1974 2372 {3

183 2415 215 2490 ἡ
245 2425 371 2474 ΛΕ.
426 2418 486 2473 τὸ
523 2416 632 2489 ἄρα
658 2414 765 2472 ὑπὸ
791 2420 905 2472 τῶν
929 2418 1119 2480 ΝΜΞ
1148 2423 1274 2472 ἴσον
1300 2416 1413 2472 ἐστὶ
1437 2418 1511 2492 τῷ
1535 2413 1644 2471 ὑπὸ
1671 2419 1870 2470 ΛΜΕ.
1947 2439 1969 2451 -“

185 2512 334 2563 ἔστιν
361 2506 469 2578 ἄρα
496 2503 567 2572 ὡς
591 2503 624 2577 ἡ
652 2511 788 2561 ΜΝ
814 2503 951 2576 πρὸς
976 2512 1122 2576 ΜΛ,
1164 2503 1340 2571 οὕτως
1364 2502 1398 2576 ἡ
1426 2510 1553 2560 ΕΜ
1578 2501 1714 2575 πρὸς
1737 2503 1870 2566 ΜΞ.

184 2596 383 2667 ὅμοιον
432 2595 540 2667 ἄρα
589 2595 703 2651 ἐστὶ
749 2593 811 2650 τὸ
863 2600 1059 2649 ΛΜΝ
1101 2600 1378 2666 τρίγωνον
1424 2597 1497 2668 τῷ
1540 2595 1718 2657 &ME
1757 2613 1870 2664 τρι-

183 2685 363 2760 γώνῳ,
402 2685 494 2740 καὶ
526 2682 559 2755 ἡ
592 2681 701 2739 ὑπὸ
736 2690 790 2738 Λ
799 2689 863 2738 Ν
867 2689 939 2738 Μ
964 2689 1140 2754 γωνία
1174 2692 1264 2754 ἴση
1298 2683 1412 2738 ἐστὶ
1442 2685 1507 2755 τῇ
1538 2679 1646 2737 ὑπὸ
1680 2686 1751 2739 Μ
1754 2682 1868 2741 ΕΞ.

305 2823 372 2862 16.
409 2818 627 2876 ΛΚΛΕ]
663 2819 856 2861 ΛΚΕΛ
887 2832 931 2873 p.
1039 2821 1109 2860 20.
1144 2817 1255 2875 ΒΓ]
1290 2832 1334 2874 p,
1368 2830 1483 2861 corr.
1517 2828 1573 2859 ex
1605 2819 1640 2858 Β
1674 2829 1734 2858 m.
1761 2819 1786 2858 2
1813 2813 1868 2858 V.

245 2884 313 2921 21.
349 2873 394 2935 ὁ]
430 2891 516 2934 cp3
551 2891 638 2921 om.
669 2877 723 2919 V.
846 2880 917 2921 23.
953 2873 1074 2934 ἐστι’]
1109 2890 1146 2931 e,
1183 2873 1307 2920 ἐστίν
1346 2875 1394 2919 V.
