1982 3178
120 1042 176 1082 10

122 1489 176 1529 15

121 1934 177 1974 20

121 2375 176 2421 25

210 104 283 158 24
873 108 1152 153 ΚΩΝῙΚΩΝ
1184 106 1249 153 α’.

208 223 333 297 ἤτοι
369 229 436 299 τῇ
476 225 638 297 βάσει
676 235 778 283 τοῦ
817 224 910 282 διὰ
949 231 1052 284 τοῦ
1093 227 1295 295 ἄξονος
1332 229 1612 300 τριγώνου
1651 226 1686 302 ἢ
1717 235 1785 305 τῇ
1817 230 1901 288 ἐπ’

211 312 440 380 εὐθείας
472 314 631 389 αὐτῇ,
672 319 734 372 αἱ
762 314 1035 388 ἀγόμεναι
1069 315 1288 373 εὐθεῖαι
1319 315 1427 374 ἀπὸ
1451 321 1549 390 τῆς
1570 325 1907 394 γενηθείσης

210 412 383 476 τομῆς
408 406 468 460 ἐν
492 408 558 478 τῇ
584 409 687 462 τοῦ
711 404 900 462 κώνου
925 408 1236 482 ἐπιφανείᾳ,
1269 403 1340 477 ἣν
1366 409 1591 479 ἐποίησε
1615 406 1678 478 τὸ
1703 410 1907 482 τέμνον

212 496 501 569 ἐπίπεδον,
557 495 902 568 παράλληλοι
956 499 1023 569 τῇ
1070 494 1210 567 πρὸς
1257 494 1435 567 ὀρθὰς
1479 500 1545 571 τῇ
1590 498 1754 570 βάσει
1799 504 1899 557 τοῦ

209 583 490 656 τριγώνου
530 582 727 659 εὐθείᾳ
766 585 854 640 ἐπὶ
891 585 995 657 τὴν
1034 585 1232 656 κοινὴν
1265 584 1442 658 τομὴν
1472 591 1773 645 πεσοῦνται
1802 592 1903 646 τοῦ

208 674 510 745 τέμνοντος
549 675 813 730 ἐπιπέδου
850 675 944 730 καὶ
975 678 1075 731 τοῦ
1117 673 1209 730 διὰ
1249 679 1351 732 τοῦ
1390 674 1592 744 ἄξονος
1624 676 1905 748 τριγώνου

209 763 302 818 καὶ
333 762 883 836 προσεκβαλλόμεναι
917 765 1019 829 ἕως
1042 767 1142 820 τοῦ
1168 764 1358 837 ἑτέρου
1382 767 1588 837 μέρους
1610 769 1708 837 τῆς
1736 770 1907 838 τομῆς

211 855 340 924 δίχα
377 851 767 924 τμηθήσονται
807 851 901 908 ὑπ’
939 853 1134 925 αὐτῆς,
1173 854 1265 910 καὶ
1305 852 1402 910 ἐὰν
1442 854 1543 926 μὲν
1585 853 1760 928 ὀρθὸς
1796 852 1831 930 ᾖ
1874 854 1903 912 ὅ

207 945 413 1013 κῶνος,
468 940 502 1014 ἡ
554 944 615 998 ἐν
665 946 731 1016 τῇ
779 942 942 1014 βάσει
989 942 1184 999 εὐθεῖα
1232 942 1370 1016 πρὸς
1415 941 1597 1016 ὀρθὰς
1643 948 1794 1001 ἔσται
1838 949 1906 1020 τῇ

209 1035 372 1104 κοινῇ
412 1040 552 1104 τομῇ
601 1035 703 1088 τοῦ
742 1033 1045 1104 τέμνοντος
1085 1034 1350 1089 ἐπιπέδου
1395 1033 1488 1089 καὶ
1529 1037 1632 1089 τοῦ
1674 1033 1767 1090 διὰ
1803 1037 1906 1091 τοῦ

210 1118 411 1187 ἄξονος
456 1123 763 1192 τριγώνου,
819 1120 919 1177 ἐὰν
975 1121 1036 1177 δὲ
1091 1122 1391 1194 σκαληνός,
1447 1121 1550 1179 οὐκ
1602 1123 1712 1180 αἰεὶ
1766 1122 1907 1196 πρὸς

212 1207 393 1282 ὀρθὰς
442 1213 618 1280 ἔσται,
678 1208 800 1266 ἀλλ’
847 1211 984 1266 ὅταν
1022 1210 1083 1267 τὸ
1129 1211 1222 1266 διὰ
1262 1214 1363 1268 τοῦ
1402 1210 1604 1278 ἄξονος
1644 1213 1906 1269 ἐπίπεδον

209 1299 347 1371 πρὸς
387 1295 566 1372 ὀρθὰς
603 1292 639 1372 ᾖ
678 1303 744 1372 τῇ
786 1299 946 1370 βάσει
986 1304 1085 1356 τοῦ
1123 1301 1327 1358 κώνου.

324 1392 462 1444 ἔστω
501 1393 708 1460 κῶνος,
751 1382 819 1445 οὗ·
857 1389 1077 1462 κορυφὴ
1111 1391 1213 1462 μὲν
1251 1390 1313 1446 τὸ
1356 1399 1408 1446 Α
1447 1402 1705 1463 σημεῖον,
1745 1390 1907 1462 βάσις

213 1477 275 1533 δὲ
301 1475 330 1534 ὁ
356 1485 403 1533 Β
421 1483 469 1538 Γ
493 1477 711 1549 κύκλος,
744 1479 838 1534 καὶ
861 1479 1154 1551 τετμήσθω
1181 1481 1419 1556 ἐπιπέδῳ
1447 1478 1539 1534 διὰ
1563 1483 1662 1536 τοῦ
1687 1481 1907 1552 ἄξονος,

208 1568 301 1623 καὶ
339 1571 562 1624 ποιείτω
602 1566 779 1640 τομὴν
817 1568 878 1624 τὸ

209 1661 381 1711 ΑΒΓ
419 1661 714 1729 τρίγωνον.
806 1680 883 1713 τε-

208 1744 443 1815 τμήσθω
481 1745 542 1801 δὲ
580 1747 674 1802 καὶ
715 1747 879 1822 ἑτέρῳ

211 1834 450 1908 ἐπιπέδῳ
505 1836 763 1907 τέμνοντι
817 1835 879 1892 τὸ

211 1924 500 1994 ἐπίπεδον,
546 1926 606 1980 ἐν
646 1918 688 2000 ᾧ
731 1927 881 1981 ἐστιν

211 2009 241 2068 ὃ
304 2017 415 2067 ΒΓ
467 2013 696 2084 κύκλος,
758 2011 876 2069 κατ’

210 2101 443 2158 εὐθεῖαν
475 2100 577 2174 τὴν
606 2109 661 2157 Δ
672 2109 723 2158 Ε
758 2102 882 2174 ἤτοι

210 2190 349 2263 πρὸς
381 2190 558 2263 ὀρθὰς
597 2189 775 2247 οὖσαν
815 2196 880 2265 τῇ

211 2286 322 2336 ΒΓ
353 2278 387 2353 ἢ
425 2283 492 2355 τῇ
533 2278 615 2337 ἐπ’
658 2279 883 2346 εὐθείας

211 2368 370 2444 αὐτῇ,
408 2370 502 2425 καὶ
539 2374 764 2426 ποιείτω
795 2391 881 2425 το·

214 2458 327 2531 μὴν
391 2460 452 2515 ἐν
507 2462 572 2533 τῇ
621 2461 915 2532 ἐπιφανείᾳ
961 2462 1061 2514 τοῦ
1109 2457 1295 2514 κώνου
1342 2456 1445 2529 τὴν
1492 2464 1686 2514 ΔΖΕ·
1740 2457 1902 2530 κοινὴ

216 2546 285 2619 δὴ
326 2547 467 2620 τομὴ
511 2557 611 2604 τοῦ
651 2550 949 2620 τέμνοντος
989 2548 1253 2603 ἐπιπέδου
1299 2546 1391 2601 καὶ
1437 2554 1537 2601 τοῦ
1575 2550 1748 2602 ΑΒΓ
1791 2567 1904 2619 τρι-

216 2636 405 2708 γώνου
444 2636 478 2709 ἡ
513 2640 645 2694 ΖΗ.
701 2637 794 2692 καὶ
833 2635 1088 2707 εἰλήφθω
1128 2659 1180 2691 τι
1221 2646 1451 2707 σημεῖον
1491 2635 1578 2690 ἐπὶ
1609 2637 1706 2706 τῆς
1737 2640 1910 2690 ΔΖΕ

337 2865 375 2905 1.
408 2860 515 2919 τοῦ]
549 2861 605 2918 τῇ
631 2861 694 2915 V3
729 2873 843 2905 corr.
869 2875 914 2918 p.
1039 2863 1106 2902 22.
1144 2855 1266 2916 ἤτοι]
1300 2854 1356 2914 ἤτ
1387 2857 1442 2913 V,
1475 2853 1579 2914 ἤτοι
1609 2871 1702 2914 mg.
1727 2871 1788 2900 m.
1811 2870 1900 2901 rec.

274 2922 343 2963 27.
378 2916 458 2977 δή]
493 2920 679 2977 scripsi3
714 2919 767 2964 δέ
800 2919 855 2964 V.
890 2930 893 2934 '

1976 1820 1982 1873 „„*.
1973 1134 1982 1804 “anssssss
1977 1090 1982 1095 .
1977 980 1982 1009 1-
1978 940 1982 964 .-
