1982 3178
180 121 252 174 86
768 92 781 99 ’
845 121 1124 165 ΚΩΝῙΚΩΝ
1154 115 1222 166 α’.

181 244 331 296 ἔστιν
381 238 455 306 ὡς
501 238 534 312 ἡ
585 246 696 295 BA
742 240 883 312 πρὸς
922 246 1055 311 ΑΖ,
1105 237 1282 305 οὕτως
1327 240 1389 295 τὸ
1440 235 1548 295 ἀπὸ
1590 244 1701 295 BA
1745 238 1889 312 πρὸς

178 330 241 385 τὸ
288 327 398 385 ἀπὸ
440 335 578 401 ΑΔ,
623 329 875 385 τουτέστι
914 330 977 385 τὸ
1020 328 1129 385 ἀπὸ
1172 335 1219 384 Β
1234 336 1286 384 Δ
1325 329 1464 403 πρὸς
1501 328 1564 384 τὸ
1606 325 1715 384 ἀπὸ
1758 333 1886 384 ΔΖ.

180 415 256 484 ὥς
303 416 365 473 δὲ
411 418 474 474 τὸ
524 416 632 474 ἀπὸ
675 424 788 473 ΒΛ
833 418 976 489 πρὸς
1013 418 1075 474 τὸ
1119 416 1228 474 ἀπὸ
1271 423 1406 489 ΔΖ,
1455 415 1643 483 οὕτως
1669 417 1732 474 τὸ
1774 415 1884 473 ἀπὸ

178 511 291 561 ΒΓ
321 504 462 578 πρός
499 508 563 563 τὸ
607 504 714 563 ἀπὸ
749 513 886 578 ΖΗ,
927 505 1003 573 ὡς
1043 507 1105 563 δὲ
1145 506 1177 579 ἡ
1212 513 1321 562 ΑΒ
1361 507 1501 580 πρὸς
1533 512 1666 577 ΑΖ,
1706 503 1884 572 οὕτως

120 616 146 655 5
178 618 240 651 το
273 593 383 652 ὑπὸ
418 601 613 651 ΒΑΜ
633 594 774 670 πρὸς
803 594 865 652 τὸ
898 594 1007 652 ὑπὸ
1046 602 1244 653 ΖΛΜ
1307 594 1381 662 ὡς
1412 594 1521 670 ἄρα
1551 595 1614 651 τὸ
1641 593 1749 651 ἀπὸ
1777 600 1888 651 ΒΓ

179 685 319 758 πρὸς
356 685 418 741 τὸ
461 683 571 742 ἀπὸ
615 690 751 755 ΖΗ,
793 683 970 751 οὕτως
1008 686 1069 741 τὸ
1112 683 1221 741 ὑπὸ
1265 691 1458 741 ΒΑΜ
1488 686 1629 755 πρὸς
1665 684 1729 741 τὸ
1771 681 1880 740 ὑπὸ

179 779 384 830 ZAM·
445 763 539 830 καὶ
565 773 819 846 ἐναλλάξ,
848 772 922 840 ὡς
945 775 1007 830 τὸ
1036 773 1145 831 ἀπὸ
1172 780 1282 830 ΒΓ
1299 775 1439 848 πρὸς
1461 773 1523 830 τὸ
1549 771 1658 829 ὑπὸ
1683 778 1885 845 EAM,

179 863 356 929 οὕτως
386 863 449 919 τὸ
485 861 593 919 ἀπὸ
628 870 747 919 ΖΗ
771 862 909 937 πρὸς
940 863 1001 919 τὸ
1039 861 1146 919 ὑπὸ
1183 870 1377 919 ZAM.
1439 864 1503 919 τὸ
1537 861 1599 918 δὲ
1631 860 1739 919 ἄπο
1775 867 1893 918 ΖΗ

178 958 305 1008 ἴσον
337 956 412 1027 τῷ
444 949 553 1009 ὑπὸ
582 958 774 1008 ΖΛΜ
797 951 890 1008 διὰ
921 951 1024 1024 τὴν
1048 952 1247 1024 τομήν·
1303 952 1397 1008 καὶ
1421 952 1483 1008 τὸ
1510 950 1618 1008 ἀπὸ
1645 955 1756 1007 ΒΓ
1771 949 1881 1024 ἄρα

90 1060 146 1101 10
179 1047 307 1096 ἴσον
354 1042 470 1098 ἐστὶ
517 1045 598 1118 τῷ
642 1040 752 1097 ὑπὸ
792 1047 992 1098 ΒΑΜ
1075 1047 1282 1113 πλαγία
1330 1041 1391 1097 δὲ
1437 1039 1472 1113 ἡ
1512 1047 1665 1112 ΑΜ,
1710 1062 1882 1112 παρα·
1971 1054 1973 1057 ⁴

177 1131 525 1202 τεταγμένως
564 1131 626 1186 δὲ
665 1128 699 1202 ἡ
735 1136 850 1186 ΒΓ.
914 1129 947 1202 ἡ
992 1130 1101 1202 ἄρα
1132 1132 1273 1203 τομὴ
1310 1136 1523 1204 ἔρχεται
1557 1128 1650 1186 διὰ
1681 1139 1785 1186 τοῦ
1821 1134 1882 1201 Γ,

177 1221 270 1275 καὶ
310 1224 607 1292 συμπίπτει
645 1224 711 1293 τῇ
751 1228 891 1294 τομῇ
932 1217 967 1291 ἡ
1009 1225 1120 1276 ΓΔ
1158 1221 1295 1277 κατὰ
1335 1219 1397 1275 τὸ
1438 1225 1498 1277 Γ.

976 1405 1044 1454 κη
1073 1427 1085 1439 .

287 1484 420 1542 Ἐὰν
482 1488 678 1542 εὐθεῖα
740 1486 1046 1558 ἐφάπτηται
1109 1490 1239 1559 μιᾶς
1294 1490 1407 1542 τῶν
1463 1485 1883 1558 ἀντικειμένων,

90 1594 144 1636 15
178 1578 374 1648 ληφθῇ
417 1575 483 1630 δέ
517 1598 569 1630 τι
609 1587 840 1647 σημεῖον
882 1574 1041 1642 ἐντὸς
1078 1578 1176 1647 τῆς
1215 1576 1403 1647 ἑτέρας
1441 1579 1630 1648 τομῆς,
1669 1575 1762 1631 καὶ
1802 1574 1878 1630 δι’

177 1662 355 1720 αὐτοῦ
410 1664 766 1737 παράλληλος
813 1662 964 1738 ἀχθῇ
1012 1668 1078 1738 τῇ
1128 1665 1482 1737 ἐφαπτομένῃ
1530 1662 1751 1736 εὐθεῖα,
1799 1665 1883 1721 ἐκ·

176 1754 494 1825 βαλλομένη
537 1752 625 1824 ἐφ’
665 1753 893 1827 ἑκάτερα
934 1765 1292 1825 συμπεσεῖται
1332 1758 1398 1827 τῇ
1437 1757 1591 1827 τομῇ.

292 1846 541 1898 ἔστωσαν
574 1840 965 1915 ἆντικείμεναι,
998 1836 1079 1898 ὦν
1112 1840 1146 1913 ἡ
1180 1849 1288 1898 ΑΒ
1323 1842 1634 1915 διάμετρος,
1663 1841 1754 1898 καὶ
1787 1845 1886 1913 τῆς

178 1939 231 1987 Α
277 1934 449 2002 τομῆς
497 1932 830 2002 ἐφαπτέσθω
878 1954 961 1996 τις
1000 1928 1196 1987 εὐθεῖα
1234 1929 1267 2003 ῆ
1309 1935 1445 2002 ΓΔ,
1492 1931 1584 1986 καὶ
1625 1930 1880 2003 εἰλήφθω

93 2039 151 2080 20
181 2042 232 2075 τι
274 2030 506 2091 σημεῖον
547 2018 704 2085 ἐντὸς
741 2023 839 2091 τῆς
879 2020 1067 2091 ἑτέρας
1105 2023 1276 2091 τομῆς
1315 2020 1379 2075 τὸ
1409 2026 1476 2090 Ε,
1515 2019 1608 2075 καὶ
1648 2018 1741 2075 διὰ
1781 2021 1885 2075 τοῦ

181 2116 234 2165 Ε
268 2112 334 2182 τῇ
375 2114 487 2164 ΓΔ
525 2108 881 2181 παράλληλος
918 2107 1078 2181 ἤχθω
1120 2107 1154 2180 ἡ
1195 2115 1314 2164 ΕΖ.
1388 2110 1546 2181 λέγω,
1586 2108 1672 2164 ὅτι
1711 2105 1746 2180 ἡ
1778 2114 1883 2164 ΕΖ

182 2199 559 2271 ἐκβαλλομένη
601 2196 691 2269 ἐφ’
737 2197 968 2269 ἑκάτερα
1009 2209 1367 2270 συμπεσεῖται
1406 2206 1472 2271 τῇ
1512 2199 1668 2270 τομῇ.

293 2287 409 2343 ἐπεὶ
459 2280 565 2343 οὖν
615 2288 911 2357 δέδεικται,
967 2285 1052 2342 ὅτι
1099 2285 1132 2358 ἡ
1175 2292 1285 2343 ΓΔ
1333 2286 1706 2358 ἐκβαλλομένη
1748 2301 1883 2357 συμ-

180 2388 424 2432 πεσεῖται
464 2379 530 2450 τῇ
572 2381 680 2431 ΑΒ
724 2377 1024 2450 διαμέτρῳ,
1069 2380 1166 2431 καί
1201 2378 1315 2431 ἐστι
1353 2374 1705 2448 παράλληλος
1743 2372 1883 2446 αὐτῇ

89 2483 146 2524 25
179 2461 212 2535 ἡ
246 2470 375 2535 ΕΖ,
415 2462 449 2535 ἡ
484 2470 587 2519 ΕΖ
628 2462 737 2537 ἄρα
778 2465 1152 2536 ἐκβαλλομένη
1195 2475 1551 2536 συμπεσεῖται
1589 2471 1656 2536 τῇ
1697 2463 1880 2534 διαμέ-

178 2570 315 2628 τρῳ·
387 2554 737 2625 συμπιπτέτω
777 2551 913 2607 κατὰ
954 2551 1015 2609 τὸ
1048 2559 1124 2624 Η,
1163 2553 1256 2608 καὶ
1295 2556 1361 2625 τῇ
1393 2558 1506 2608 ΗΒ
1547 2559 1638 2623 ἴση
1670 2555 1880 2606 κείσθω

179 2639 214 2711 ἡ
262 2648 394 2712 ΑΘ,
449 2642 540 2697 καὶ
594 2640 686 2697 διὰ
733 2645 836 2697 τοῦ
885 2647 932 2696 Θ
976 2645 1041 2714 τῇ
1091 2648 1199 2697 ΖΕ
1239 2640 1594 2711 παράλληλος
1639 2638 1798 2710 ῆχθω
1845 2636 1880 2709 ἡ

300 2808 341 2850 1.
382 2805 492 2863 ΑΖ]
534 2806 599 2850 sic
631 2805 687 2860 V,
727 2804 810 2850 sed
842 2817 926 2861 pro
961 2808 995 2847 Z
1035 2804 1130 2848 alia
1160 2805 1313 2849 forma
1345 2801 1553 2848 eiusdem
1585 2801 1772 2846 lit‘cerae
1803 2813 1877 2844 re-

180 2863 349 2907 stituta
372 2878 514 2908 manu
541 2869 580 2910 1.
674 2869 715 2907 2.
749 2862 959 2908 τουτέστι
984 2889 1038 2895 -
1065 2864 1181 2922 ΔΖ]
1210 2862 1281 2907 bis
1299 2862 1362 2917 V;
1396 2875 1510 2906 corr.
1538 2873 1616 2918 cp.
1709 2865 1750 2904 3.
1783 2860 1876 2917 Mg.

182 2918 284 2979 [διὰ
320 2919 392 2981 δ’]
425 2927 507 2967 τοῦ
546 2920 592 2971 ς’
618 2938 679 2969 m.
708 2929 730 2967 1
762 2923 817 2967 V.
971 2928 1011 2966 5.
1045 2923 1218 2981 ΒΑΜ]
1259 2924 1410 2966 ΑΒΜ
1435 2920 1497 2976 V3
1532 2933 1648 2964 corr.
1681 2918 1880 2964 Memus.
