1982 3178
136 108 141 112 “
229 102 297 155 76
884 103 1163 149 ΚΩΝΙΚΩΝ
1193 100 1259 148 α’.

1017 252 1123 324 κβ’.

332 355 463 413 Ἐὰν
508 355 836 430 παραβολὴν
882 353 916 428 ἢ
964 355 1284 431 ὑπερβολὴν
1331 356 1529 414 εὐθεῖα
1572 358 1741 436 τέμνῃ
1780 379 1919 415 κατα

227 446 330 502 δύο
372 458 570 518 σημεῖα
609 446 683 518 μὴ
725 452 1114 519 συμπίπτουσα
1159 450 1224 521 τῇ
1274 448 1549 524 διαμέτρῳ
1597 447 1778 519 ἐντός,
1835 449 1919 504 ἐκ-

225 537 541 608 βαλλομένη
589 547 946 608 συμπεσεῖται
991 540 1058 610 τῇ
1106 538 1379 612 διαμέτρῳ
1417 540 1516 608 τῆς
1553 540 1725 610 τομῆς
1762 536 1920 604 ἐκτὸς

166 639 193 678 5
224 628 322 697 τῆς
358 628 545 697 τομῆς.

337 718 475 770 ε”στω
515 713 803 787 παραβολὴ
844 710 878 785 ἢ
916 712 1226 788 ὑπερβολή,
1272 707 1338 786 ἧς
1384 714 1678 788 διάμετρος
1714 712 1749 788 ἡ
1788 721 1918 786 ΑΒ,

224 803 318 859 καὶ
363 805 602 876 τεμνέτω
648 826 733 870 τις
772 802 969 860 εὐθεῖα
1013 804 1117 875 τὴν
1164 803 1341 876 τομθν
1385 803 1524 861 κατὰ
1574 803 1679 860 δύο
1720 816 1918 876 σημεῖα

223 915 291 950 τα
331 899 395 965 Γ,
427 901 497 950 Δ.
565 894 732 965 λέγω,
783 891 868 950 ὅτι
913 891 947 965 ἡ
988 899 1091 950 ΓΔ
1137 894 1512 966 ἐκβαλλομένη
1562 904 1920 966 συμπεσεῖται

226 981 378 1049 ἐκτὸς
414 987 512 1055 τῆς
547 987 719 1055 τομῆς
756 986 822 1056 τῇ
859 988 976 1038 ΑΒ.

142 1085 193 1125 10
335 1072 706 1144 κατήχθωσαν
736 1070 844 1128 από
876 1075 989 1128 τῶν
1013 1077 1077 1142 Γ,
1105 1079 1159 1127 Δ
1190 1040 1531 1144 τεταγμένως
1554 1074 1616 1128 αἰ
1635 1077 1756 1144 ΓΕ,
1783 1079 1838 1128 Δ
1847 1079 1919 1128 Β

226 1166 364 1218 ἔστω
415 1161 478 1217 δε
522 1183 745 1235 πρωτον
793 1159 826 1233 ἡ
874 1162 1013 1233 τομὴ
1061 1161 1367 1235 παραβολή.
1446 1161 1562 1218 ἐπεὶ
1602 1154 1708 1217 οὖν
1747 1163 1807 1218 ἐν
1846 1164 1914 1235 τῇ

224 1254 516 1325 παραβολῇ
558 1253 725 1321 ἐστιν,
766 1248 841 1316 ὥς
878 1250 939 1307 τὸ
980 1248 1087 1306 απὸ
1127 1253 1224 1322 τῆς
1255 1256 1363 1306 ΓΕ
1396 1249 1536 1324 πρὸς
1572 1250 1636 1307 τὸ
1678 1248 1786 1306 ἀπὸ
1815 1253 1915 1322 τῆς

228 1346 356 1411 ΔΒ,
397 1339 574 1407 οὕτως
603 1339 637 1412 ἡ
663 1347 771 1395 ΕΑ
810 1339 950 1412 πρὸς
974 1346 1099 1410 ΑΒ,
1139 1345 1337 1411 μείζων
1371 1339 1433 1396 δὲ
1465 1339 1637 1411 ἡΑΕ
1670 1342 1766 1410 τῆς
1789 1345 1917 1411 ΑΒ,
1973 1413 1977 1419 ⁴

225 1435 411 1502 μεῖζον
459 1429 569 1504 ἄρα
623 1430 715 1486 καὶ
768 1428 831 1486 τὸ
879 1427 987 1485 ἀπὸ
1035 1432 1133 1500 τῆς
1179 1434 1288 1484 ΓΕ
1338 1432 1440 1485 τοῦ
1493 1426 1600 1484 ἀπὸ
1647 1431 1744 1499 τῆς
1789 1434 1919 1484 ΔΒ.
1975 1439 1977 1446 “

139 1531 193 1571 15
227 1517 367 1575 ὥστε
404 1520 497 1576 καὶ
543 1517 577 1592 ἡ
619 1525 728 1575 ΓΕ
769 1522 866 1591 τῆς
905 1524 1016 1574 ΛΒ
1062 1523 1262 1590 μείζων
1300 1520 1429 1574 ἐστί.
1505 1522 1604 1574 καί
1637 1521 1744 1574 εἰσι
1781 1537 1917 1590 παρ-
1970 1507 1971 1511 ¹

225 1607 480 1679 άλληλοι·
527 1606 561 1679 ἡ
603 1614 706 1664 ΓΔ
744 1607 854 1680 ἄρα
894 1607 1268 1679 ἐκβαλλομένη
1309 1618 1667 1679 συμπεσεῖται
1703 1609 1769 1680 τῇ
1808 1611 1917 1662 ΑΒ
1969 1616 1982 1674 ὲ,

227 1698 499 1771 διαμέτρῳ
541 1695 693 1763 ἐκτὸς
730 1700 827 1768 τῆς
864 1699 1049 1768 τομῆς.
1969 1684 1982 1734 5

337 1784 480 1842 ἀλλὰ
520 1786 588 1857 δὴ
638 1790 776 1841 ἔστω
816 1783 1115 1857 ὑπερβολή.
1207 1786 1323 1841 ἐπεὶ
1379 1778 1485 1841 οὖν
1533 1786 1594 1840 ἐν
1638 1787 1705 1858 τῇ
1752 1782 1917 1856 ὑπερ-
1980 1854 1982 1860 ⁴

226 1878 366 1948 βολῇ
407 1877 574 1945 ἐστιν,
615 1873 689 1940 ὥς
727 1874 789 1930 τὸ
831 1872 939 1930 ἀπὸ
979 1883 1077 1945 τῆς
1109 1879 1216 1930 ΓΕ
1251 1873 1391 1945 πρὸς
1427 1873 1490 1930 τὸ
1524 1871 1632 1930 ἀπὸ
1662 1876 1760 1945 τῆς
1788 1878 1918 1944 ΒΔ,

135 1978 194 2018 20
229 1962 405 2029 οὕτως
443 1962 504 2019 τὸ
544 1961 654 2019 ὑπὸ
698 1970 862 2018 ΖΕΑ
909 1962 1047 2036 πρὸς
1085 1962 1147 2018 τὸ
1189 1961 1297 2019 ὑπὸ
1340 1968 1527 2033 ΖΒΑ,
1574 1968 1759 2034 μεῖζον
1807 1961 1916 2035 ἄρα

225 2052 319 2108 καὶ
355 2051 418 2108 τὸ
457 2050 566 2108 ἀπὸ
606 2055 704 2123 τῆς
743 2057 849 2107 ΓΕ
884 2055 985 2108 τοῦ
1023 2050 1131 2107 ἀπὸ
1170 2055 1267 2123 τῆς
1305 2058 1431 2107 ΔΒ.
1507 2056 1605 2107 καί
1639 2055 1744 2107 εἰσι
1783 2071 1917 2124 παρ·
1979 2079 1982 2108 ;

227 2140 479 2213 άλληλοι·
518 2139 552 2212 ἡ
595 2146 698 2196 ΓΔ
736 2140 845 2214 ἄρα
886 2142 1258 2213 ἐκβαλλομένη
1299 2152 1653 2212 συμπεσεῖται
1689 2143 1756 2214 τῇ
1797 2143 1915 2196 δια-
1976 2128 1982 2155 ⁴

226 2231 404 2306 μέτρῳ
443 2233 539 2301 τῆς
576 2232 747 2301 τομῆς
784 2229 939 2295 ἐκτὸς
975 2233 1071 2302 τῆς
1108 2233 1292 2302 τομῆς.

1017 2401 1085 2450 κγ
1114 2423 1125 2435 .

136 2498 193 2538 25
335 2482 465 2540 Ἐὰν
514 2488 760 2551 ἔλλειψιν
815 2481 1011 2539 εὐθεῖα
1058 2484 1228 2556 τέμνῃ
1276 2480 1477 2554 μεταξὺ
1522 2482 1744 2553 κειμένη
1799 2483 1914 2536 τῶν

228 2574 331 2629 δύο
373 2574 703 2646 διαμέτρων,
742 2569 1116 2643 ἐκβαλλομένη
1155 2582 1510 2643 συμπεσεῖται
1542 2570 1768 2643 ἑκατέρα
1798 2572 1912 2625 τῶν

227 2662 536 2734 διαμέτρων
575 2659 729 2727 ἐκτὸς
766 2664 863 2733 τῆς
899 2665 1082 2732 τομῆς.

348 2793 1039 2856 1.'.nss]p‚0mv,m..2v
1166 2792 1911 2867 13.AE]ABV;EAp(Ae

227 2856 375 2912 oon-.).
486 2859 553 2900 15.
589 2856 696 2914 ΑΒ]
730 2859 812 2899 ΑΒ
844 2854 906 2909 V;
940 2868 1054 2898 con.
1088 2869 1134 2911 p.
1244 2856 1311 2897 16.
1344 2851 1455 2908 ἄρα]
1488 2867 1535 2908 p,
1567 2865 1657 2896 om.
1674 2850 1730 2895 V.
1839 2855 1908 2895 18.

225 2913 771 2971 Mg.m.1At....V.
894 2917 964 2959 24.
997 2908 1613 2972 uy‘,.‚..]pome2v
