1982 3178
222 78 292 130 28
883 77 1161 124 mmmm
1190 74 1258 123 α’.

221 198 478 274 τριγώνῳ
505 196 654 270 ὀρθή
681 198 847 255 ἐστιν.
902 196 1041 254 ὥστε
1071 197 1164 253 καὶ
1194 195 1334 269 πρὸς
1365 194 1469 268 τὴν
1497 199 1613 253 ΖΗ
1641 199 1756 254 ἐστι
1778 194 1935 270 πρὸς,
1980 271 1982 274 .

223 286 415 361 ὀρθάς.

334 376 408 448 μὴ
457 381 594 433 ἔστω
644 375 712 448 δὴ
762 374 791 433 ὁ
840 379 1022 442 κῶνος
1069 374 1262 447 ὀρθός.
1337 379 1388 432 εἰ
1432 375 1546 447 μὲν
1575 371 1682 455 οὖν
1719 374 1782 433 τὸ
1824 376 1917 434 διὰ

221 469 323 521 τοῦ
355 463 556 532 ἄξονος
581 471 860 538 τρίγωνον
894 463 1075 539 ὀρθόν
1108 468 1222 522 ἐστι
1254 464 1394 537 πρὸς
1423 463 1524 521 τὸν
1549 471 1660 522 ΒΓ
1689 464 1918 538 κύκλον,

163 568 190 608 5
225 552 432 626 ὁμοίως
458 557 729 626 δείξομεν,
764 552 848 610 ὅτι
872 555 963 610 καὶ
989 552 1022 626 ἡ
1046 560 1164 609 ΔΕ
1183 558 1249 627 τῇ
1277 559 1396 610 ΖΗ
1423 556 1538 611 ἐστι
1561 552 1700 627 πρὸς
1724 552 1918 626 ὀρθάς.
1971 579 1974 585 ·

223 642 296 715 μὴ
355 648 492 700 ἔστω
550 643 619 716 δὴ
665 643 727 716 τὸ
778 643 871 699 διὰ
919 652 1020 699 τοῦ
1068 642 1268 710 ἄξονος
1317 647 1596 717 τρίγωνον
1642 643 1704 700 τὸ
1753 650 1862 700 ΑΒ

223 732 406 805 ὀρθὸν
444 732 584 806 πρὸς
619 733 720 790 τὸν
760 738 871 789 ΒΓ
902 732 1123 789 κύκλον.
1201 734 1373 805 λέγω,
1417 731 1511 789 ὅτι
1552 732 1692 790 ου’δὲ
1728 730 1763 804 ἡ
1805 739 1923 790 ΔΕ

221 827 286 896 τῇ
322 829 441 878 ΖΗ
475 826 588 880 ἐστι
628 822 768 896 πρὸς
807 821 1000 895 ὀρθάς.
1063 826 1114 878 εἰ
1143 822 1251 896 γὰρ
1285 822 1550 894 δυνατόν,
1591 827 1752 879 ἔστω·
1804 827 1919 879 ἔστι

223 911 286 967 δὲ
324 912 418 967 καὶ
456 916 523 985 τῇ
562 918 672 968 ΒΓ
711 911 850 985 πρὸς
890 910 1093 985 ὀρθάς·
1155 911 1190 983 ἡ
1231 911 1341 985 ἄρα
1380 919 1498 968 ΔΕ
1538 914 1767 986 ἑκατέρᾳ
1804 916 1918 968 τῶν
1947 947 1954 982 3

135 1016 191 1055 10
222 1006 343 1072 ΒΓ,
377 1007 495 1056 ΖΗ
529 1004 643 1058 ἐστι
683 1002 824 1074 πρὸς
864 1000 1056 1075 ὀρθάς.
1116 1002 1210 1057 καὶ
1248 1006 1325 1079 τῷ
1367 1000 1460 1058 διὰ
1499 1011 1614 1059 τῶν
1652 1006 1775 1071 ΒΓ,
1809 1006 1947 1057 ΖΗ

223 1092 461 1166 ἐπιπέδῳ
487 1090 596 1164 ἄρα
619 1091 760 1164 πρὸς
785 1090 963 1165 ὀρθὰς
989 1096 1157 1147 ἔσται.
1213 1091 1275 1147 τὸ
1305 1091 1366 1147 δὲ
1399 1095 1493 1148 διὰ
1523 1095 1638 1148 τῶν
1661 1096 1782 1162 ΒΓ,
1806 1097 1918 1147 ΗΖ

222 1178 487 1236 ἐπίπεδόν
528 1182 642 1236 ἐστι
681 1183 744 1237 τὸ
781 1186 973 1237 ΑΒΓ·
1027 1186 1119 1236 καὶ
1151 1178 1328 1252 ἡΔΕ
1364 1179 1472 1252 ἄρα
1503 1185 1579 1255 τῷ
1605 1184 1778 1236 ΑΒΓ
1807 1201 1916 1252 τρι·
1943 1173 1947 1175 ’

220 1267 385 1344 γώνῳ
427 1269 541 1325 ἐστὶ
579 1268 718 1342 πρὸς
759 1267 953 1342 ὀρθάς.
1025 1273 1118 1325 καὶ
1157 1270 1339 1325 πάντα
1380 1268 1488 1342 ἄρα
1526 1271 1594 1324 τὰ
1634 1267 1709 1325 δι’
1745 1266 1916 1340 αὐτῆς

223 1359 453 1414 ἐπίπεδα
491 1363 567 1434 τῷ
603 1365 775 1415 ΑΒΓ
806 1358 1060 1433 τριγώνῳ
1097 1359 1212 1414 ἐστὶ
1251 1359 1390 1431 πρὸς
1423 1356 1615 1430 ὀρθάς.
1677 1361 1739 1414 ἓν
1773 1359 1840 1414 δέ
1865 1379 1918 1413 τι

135 1462 188 1502 15
221 1449 334 1503 τῶν
375 1446 468 1502 διὰ
508 1452 606 1519 τῆς
639 1455 756 1504 ΔΕ
793 1451 1070 1505 ἐπιπέδων
1102 1448 1254 1504 ἐστὶν
1286 1446 1315 1503 ὁ
1349 1453 1459 1503 ΒΓ
1489 1448 1711 1513 κύκλος·
1751 1445 1782 1504 ὁ
1814 1451 1944 1520 ΒΓ,

219 1535 330 1608 ἄρα
367 1536 570 1603 κύκλος
605 1537 745 1611 πρὸς
780 1535 958 1610 ὀρθάς
990 1540 1104 1593 ἐστι
1135 1540 1211 1611 τῷ
1244 1541 1415 1592 ΑΒΓ
1447 1536 1721 1613 τριγώνῳ.
1777 1534 1919 1593 ὥστε

220 1626 313 1681 καὶ
366 1625 428 1682 τὸ
478 1632 651 1682 ΑΒΓ
697 1631 977 1699 τρίγωνον
1033 1624 1214 1696 ὀρθὸν
1272 1630 1423 1682 ἔσται
1477 1624 1617 1699 πρὸς
1668 1624 1770 1682 τὸν
1815 1618 1927 1682 ΒΓ

221 1715 450 1771 κύκλον·
501 1713 635 1786 ὅπερ
677 1714 779 1787 οὐχ
817 1713 1122 1771 ὑπόκειται.
1192 1714 1294 1771 οὐκ
1334 1714 1441 1786 ἄρα
1480 1713 1514 1786 ἡ
1556 1721 1674 1771 ΔΕ
1706 1718 1773 1788 τῇ
1808 1720 1927 1770 ΖΗ
1952 1708 1954 1715 “

223 1805 338 1859 ἐστι
377 1803 516 1877 πρὸς
555 1803 750 1876 ὀρθάς.

134 1890 192 1931 20
924 1879 1227 1952 πόρισμα.

336 1983 396 2038 ἐκ
437 1981 506 2053 δὴ
545 1982 749 2039 τούτου
789 1983 1065 2056 φανερόν,
1113 1982 1198 2039 ὅτι
1235 1987 1334 2054 τῆς
1373 1988 1545 2038 ΔΖΕ
1589 1984 1761 2054 τομῆς
1799 1981 1918 2039 διά-

224 2070 422 2143 μετρός
454 2073 603 2127 ἐστιν
637 2070 670 2143 ἡ
698 2079 827 2142 ΖΗ,
862 2075 1081 2143 ἐπείπερ
1110 2071 1206 2138 τὰς
1229 2070 1506 2144 ἀγομένας
1527 2069 1918 2143 παραλλήλους

225 2159 422 2235 εὐθείᾳ
453 2161 564 2216 τινὶ
595 2165 661 2234 τῇ
697 2168 813 2217 ΛΕ
843 2165 969 2234 δίχα
1001 2163 1205 2234 τέμνει,
1243 2161 1336 2217 καὶ
1368 2159 1454 2217 ὅτι
1488 2158 1734 2217 δυνατόν
1765 2162 1916 2216 ἐστιν
1960 2230 1964 2236 ¹

223 2248 334 2306 ὑπὸ
374 2253 471 2321 τῆς
517 2251 817 2323 διαμέτρου
858 2254 956 2322 τῆς
996 2258 1114 2307 ΖΗ
1152 2249 1542 2324 παραλλήλους
1586 2247 1742 2315 τινας
1788 2251 1916 2321 δίχα
1964 2263 1980 2328 {I

136 2350 192 2392 25
223 2341 527 2411 τέμνεσθαι
565 2339 658 2395 καὶ
697 2338 770 2411 μὴ
809 2339 949 2413 πρὸς
988 2339 1180 2411 ὀρθάς.
1964 2326 1982 2350 '³³

1034 2487 1105 2559 η’.

335 2590 466 2648 Ἐὰν
505 2596 685 2659 κῶνος
720 2594 958 2666 ἐπιπέδῳ
991 2595 1178 2664 τμηθῇ
1213 2595 1306 2647 δια
1335 2592 1434 2646 τοί
1469 2587 1688 2659 ἄξονος,
1726 2592 1912 2663 τμηθῇ

228 2680 289 2736 δὲ
327 2682 420 2736 καὶ
461 2682 626 2756 ἑτέρῳ
668 2683 904 2757 ἐπιπέδῳ
945 2682 1203 2753 τέμνοντι
1240 2678 1343 2751 τὴν
1382 2678 1550 2749 βάσιν
1588 2681 1688 2734 τοῦ
1727 2678 1915 2734 κώνου

348 2835 386 2874 1.
421 2826 559 2903 ὥστε.)
594 2826 682 2874 ὥστ
712 2830 767 2874 V.
860 2834 900 2873 3.
933 2827 1005 2887 τό]
1042 2829 1109 2873 bis
1133 2828 1176 2872 V
1207 2830 1258 2873 in
1289 2828 1403 2873 extr.
1429 2827 1476 2870 et
1494 2824 1609 2896 linit.
1633 2838 1764 2883 pag.;
1797 2839 1911 2870 corr.

227 2903 342 2947 cvp.
431 2893 498 2934 16.
517 2890 655 2948 ωστε]
677 2885 764 2933 ὥστ
780 2889 836 2945 V,
862 2902 975 2933 ωστε
994 2903 1086 2946 mg.
1100 2902 1159 2933 m.
1178 2902 1268 2933 rec.
1354 2890 1424 2931 20.
1443 2884 1668 2943 πορισμα]
1686 2900 1733 2942 p,
1750 2897 1840 2930 om.
1855 2884 1911 2929 V.
