1982 3178
191 86 263 139 22
850 86 1130 132 mmm<
1161 83 1230 133 α’.

305 203 612 278 ἐπεζεύχθω
645 203 679 277 ἡ
705 213 758 262 A
768 213 822 262 A
852 207 944 262 καὶ
973 205 1355 278 ἐκβεβλήσθω·
1398 218 1754 279 συμπεσεῖται
1777 205 1885 279 α”ρα
1967 238 1969 244 ·

190 298 255 368 τῇ
288 300 611 370 περιφερείᾳ
641 299 742 351 τοῦ
767 301 879 352 ΒΓ
902 295 1126 352 κύκλου.
1182 296 1531 368 συμπιπτέτω
1555 293 1691 352 κατὰ
1723 297 1786 352 τὸ
1813 302 1885 368 Κ,

190 384 282 440 καὶ
322 383 429 441 ἀπὸ
469 388 572 441 τοῦ
613 391 669 440 Κ
716 385 804 441 ἐπὶ
842 384 944 442 τὶν
984 390 1093 441 ΒΓ
1134 385 1371 451 κάθετος
1409 383 1569 458 ἤχθω
1609 383 1643 458 ἡ
1685 391 1884 442 ΚΘΛ·

191 474 545 546 παράλληλος
586 473 695 546 ἄρα
728 475 878 531 ἐστὶν
909 473 942 547 ἡ
973 481 1086 531 ΚΘ
1118 478 1184 548 τῇ
1209 480 1363 531 ΜΝ·
1403 475 1497 530 καὶ
1526 477 1595 548 τῇ
1618 470 1734 531 ΔΕ
1761 474 1887 548 ἄρα.

133 582 159 623 5
193 563 502 636 ἐπεζεύχθω
545 562 657 621 ἀπὸ
698 568 800 620 τοῦ
840 573 893 620 Α
934 564 1020 620 ἐπὶ
1061 563 1124 619 τὸ
1170 569 1218 619 Θ
1256 562 1290 636 ἡ
1331 570 1454 621 ΑΘ.
1523 564 1640 620 ἐπεὶ
1679 557 1785 622 οὖν
1824 567 1886 622 ἐν

187 653 442 728 τριγώνῳ
491 657 566 731 τῷ
596 660 777 725 ,ΑΘΚ
821 657 889 727 τῇ
930 659 1045 709 ΘΚ
1092 653 1443 726 παράλληλός
1481 655 1632 710 ἐστιν
1676 651 1712 726 ἡ
1754 660 1886 727 ΔΕ,

188 739 223 814 ἡ
251 750 306 798 Δ
316 749 368 798 Ε
395 742 507 816 ἄρα
540 744 915 815 ἐκβαλλομένη
949 755 1308 814 συμπεσεῖται
1339 747 1406 817 τῇ
1434 750 1563 807 ΑΘ.
1617 741 1652 816 ἡ
1687 743 1750 800 δὲ
1778 749 1887 807 ΑΘ

190 834 250 887 ἐν
282 835 358 908 τῷ
390 836 493 888 τοῦ
521 838 691 889 ΑΒΓ
717 835 866 888 ἐστιν
891 833 1156 908 ἐπιπέδῳ·
1198 844 1555 905 συμπεσεῖται
1579 830 1746 905 ἅραὴ
1774 840 1890 889 ΔΕ
1972 859 1973 862 ’

188 924 264 997 τῷ
304 925 407 978 τοῦ
438 927 611 978 ΑΒΓ
641 924 919 995 τριγώνου
959 923 1214 996 ἐπιπέδῳ.
1279 920 1373 978 διὰ
1411 921 1479 978 τὰ
1517 919 1657 978 αὐτὰ
1694 922 1788 979 καὶ
1818 925 1884 996 τῇ
1977 922 1982 938 “

103 1029 157 1070 10
190 1017 300 1066 ΑΘ
324 1016 642 1084 συμπίπτει·
683 1012 1032 1082 συμπιπτέτω
1058 1009 1196 1066 κατὰΙ
1223 1010 1285 1067 τὸ
1314 1017 1376 1080 Ζ,
1407 1011 1500 1067 καὶ
1526 1010 1884 1083 ἐκβεβλήσθω

189 1097 223 1172 ἡ
267 1107 376 1155 ΔΖ
424 1098 506 1156 ἐπ’
553 1098 803 1171 εὐθείας,
853 1098 1008 1172 ἄχρις
1050 1096 1124 1154 ἂν
1165 1101 1415 1172 συμπέσῃ
1454 1102 1519 1173 τῇ
1558 1109 1660 1156 τοῦ
1698 1101 1886 1157 κώνου
1969 1127 1982 1162 ,·

189 1191 499 1264 ἐπιφανείᾳ.
583 1190 933 1261 συμπιπτέτω
980 1187 1119 1244 κατὰ
1167 1187 1231 1244 τὸ
1280 1195 1350 1244 Η.
1435 1190 1603 1260 λέγω,
1659 1188 1745 1246 ὅτι
1792 1197 1884 1262 ἴση
1976 1195 1982 1269 ξ

189 1279 341 1334 ἐστὶν
377 1278 411 1351 ἡ
458 1286 567 1335 ΔΖ
606 1282 672 1352 τῇ
716 1285 841 1334 ΖΗ.

301 1368 569 1450 ἐπεὶιγὰρ
617 1366 683 1424 τὰ
730 1377 807 1439 Α,
850 1374 930 1439 Η,
972 1374 1023 1423 A
1079 1379 1276 1439 σημεῖα
1323 1369 1385 1424 ἐν
1436 1372 1502 1442 τῇ
1549 1371 1651 1424 τοῦ
1696 1367 1884 1425 κώνου
1975 1347 1982 1423 ³²

103 1477 157 1518 15
190 1458 342 1514 ἐστὶν
374 1459 691 1533 ἐπιφανείᾳ,
731 1456 873 1514 ἀλλὰ
910 1458 1004 1513 καὶ
1043 1459 1110 1514 ἐν,
1147 1460 1222 1534 τῷ
1264 1458 1501 1532 ἐπιπέδῳ
1533 1460 1609 1531 τῷ
1644 1456 1738 1513 διὰ
1769 1461 1884 1515 τῶν

1976 1426 1982 1551 ἓ

187 1553 241 1602 Α
251 1553 314 1618 Θ,
339 1556 392 1603 Α
400 1553 472 1618 Κ,
499 1553 631 1618 ΔΗ,
656 1553 714 1603 Κ
721 1554 772 1603 Λ
797 1548 1202 1622 ἐκβαλλομένῳ,
1236 1545 1370 1618 ὅπερ
1397 1545 1490 1602 διὰ
1514 1550 1611 1618 τῆς
1633 1549 1886 1618 κορυφῆς
1975 1554 1982 1621 j

186 1640 289 1692 τοῦ
319 1637 512 1693 κώνου·
538 1639 818 1708 τρίγωνόν
851 1640 982 1707 ἐστι,
1021 1636 1087 1693 τὰ
1123 1644 1194 1708 Α,
1227 1643 1302 1707 Η,
1336 1643 1386 1692 A
1426 1635 1534 1706 ἄρα
1566 1635 1765 1708 σημεῖα
1797 1636 1885 1692 ἐπὶ
1979 1645 1982 1691 Ξ

186 1728 284 1794 τῆς
324 1729 517 1797 κοινῆς
558 1727 673 1781 ἐστι
711 1729 883 1798 τομῆς
920 1729 1017 1797 τῆς
1057 1734 1159 1781 τοῦ
1200 1725 1388 1781 κώνου
1428 1727 1754 1796 ἐπιφανείας
1790 1725 1884 1781 καὶ
1976 1734 1982 1790 '3

188 1817 289 1869 τοῦ
328 1814 622 1887 τριγώνου.
685 1814 882 1897 εύθεῖα
921 1813 1032 1887 ἄρα
1072 1814 1223 1869 ἐστὶν
1263 1812 1296 1885 ἡ
1332 1815 1424 1869 διὰ
1462 1817 1574 1870 τῶν
1607 1822 1678 1886 Α,
1710 1820 1785 1885 Η,
1817 1819 1884 1871 Λ.

88 1923 157 1987 ‘20
190 1903 305 1959 ἐπεὶ
345 1898 452 1959 οὗν
491 1906 551 1959 ἐν
591 1903 847 1979 τριγώνῳ
887 1906 962 1978 τῷ
1005 1909 1187 1958 ΑΛΚ
1229 1907 1294 1976 τῇ
1335 1909 1506 1959 ΚΘΛ
1554 1902 1713 1974 βάσει
1750 1922 1884 1975 παρ-

186 1992 426 2064 άλληλος
463 1987 623 2064 ἦκται
662 1991 696 2064 ἡ
740 1999 886 2063 ΔΗ,
934 1993 1027 2048 καὶ
1082 1995 1306 2063 διῆκταί
1338 2015 1421 2058 τις
1466 1990 1573 2049 ἀπὸ
1612 1995 1716 2048 τοῦ
1754 1999 1807 2048 Α
1845 1990 1880 2064 ἡ

175 2088 378 2153 Azao,
432 2086 586 2138 ἔστιν
635 2079 708 2148 ὡς
746 2079 780 2153 ἡ
822 2088 933 2136 ΚΘ
978 2080 1119 2153 πρὸς
1157 2087 1290 2152 ΘΛ,
1344 2079 1378 2153 ἡ
1422 2089 1530 2137 ΔΖ
1577 2081 1718 2155 πρὸς
1757 2087 1881 2138 ΖΗ.
1980 2079 1982 2081 ’

189 2178 280 2243 ἴση
323 2171 385 2227 δὲ
422 2169 457 2243 ἡ
491 2177 602 2226 ΚΘ
639 2174 704 2243 τῇ
746 2177 870 2241 ΘΛ,
912 2172 1130 2242 ἐπείπερ
1171 2172 1232 2226 ἐν
1271 2170 1453 2245 κύκλῳ
1491 2174 1567 2247 τῷ
1600 2175 1710 2227 ΒΓ
1748 2171 1882 2232 κάθ-

189 2261 333 2359 ετόςΧ
353 2262 503 2316 ἐστιν
553 2260 640 2316 ἐπὶ
686 2258 789 2331 τὴν
817 2259 1139 2332 ’διάμετρον
1187 2257 1220 2331 ἡ
1263 2266 1319 2315 Κ
1329 2266 1394 2315 Λ.
1488 2266 1578 2331 ἴση
1627 2259 1737 2334 ἄρα
1789 2261 1882 2316 καὶ
1980 2275 1982 2278 “

99 2346 222 2420 2ῡὴ
263 2355 371 2404 ΛΖ
409 2352 475 2422 τῇ
517 2355 633 2404 ΖΗ.

296 2555 429 2613 Ἐὰν
468 2560 649 2621 κῶνος
688 2556 925 2630 ἐπιπέδῳ
959 2559 1146 2629 τμηθῇ
1180 2555 1273 2612 διὰ
1305 2560 1406 2612 τοῦ
1437 2555 1654 2626 ἄξονος,
1692 2558 1879 2629 τμηθῇ

193 2645 253 2701 δὲ
284 2647 377 2701 καὶ
410 2646 576 2721 ἑτέρῳ
612 2646 848 2719 ἐπιπέδῳ
879 2646 1139 2716 τέμνοντι
1163 2644 1225 2702 τὸ
1252 2648 1532 2716 ἐπίπεδον,
1574 2647 1635 2701 ἐν
1661 2638 1703 2722 ᾦ
1729 2646 1880 2701 ἐστιν

189 2731 223 2805 ἡ
263 2734 426 2805 βάσις
463 2738 565 2790 τοῦ
603 2733 815 2805 κώνου,
863 2731 981 2789 κατ’
1027 2732 1257 2790 εὐθεῖαν
1304 2734 1442 2807 πρὸς
1483 2732 1662 2806 ὀρθὰς
1700 2727 1878 2790 οὖσαν

309 2903 378 2942 21.
413 2895 508 2942 ἀπὸ
543 2898 646 2956 τοῦ]
683 2911 761 2954 ep,
793 2892 921 2942 ἆποῦ
953 2896 1008 2943 V.
1133 2902 1203 2942 23.
1240 2893 1310 2956 ἐν]
1346 2894 1399 2942 ἐκ
1430 2895 1492 2951 V3
1527 2909 1641 2941 corr.
1673 2912 1718 2954 p.
