1942 3172
638 61 992 105 CONICORUM
1022 62 1205 102 LIBER
1235 62 1270 105 1.
1729 60 1795 111 17

113 172 360 235 concidit.
429 181 674 234 concidat
711 181 770 233 in
808 184 877 249 H,
918 183 972 233 et
1010 198 1106 250 per
1146 187 1198 235 A
1209 185 1253 234 Z
1291 181 1515 250 planum
1545 179 1792 234 ducatur.

115 272 283 324 sectio
321 269 491 339 igitur
522 271 691 322 ΑΒΓ
714 269 1031 338 triangulus
1052 270 1153 322 erit
1186 270 1358 339 [prop.
1391 269 1512 336 III].
1583 273 1638 322 et
1670 288 1797 339 quo-

4 356 6 364 *
112 360 259 412 niam
304 361 508 428 puncta
549 363 624 427 Δ,
656 361 732 425 Η,
765 361 818 410 Ε
858 359 915 410 in
955 359 1115 426 plano
1167 359 1370 411 secanti
1410 362 1558 427 sunt,
1608 376 1797 411 uerum

114 449 276 500 etiam
322 447 378 499 in
425 448 587 515 plano
625 449 812 515 ΑΒΓ,
853 449 1034 498 ΔΗΕ
1068 449 1215 499 recta
1255 449 1337 499 est
1380 446 1552 512 [Eucl.
1590 446 1683 515 XI,
1724 448 1796 513 3}

115 539 356 589 sumatur
399 535 570 605 igitur
615 535 673 587 in
719 535 861 587 linea
901 538 1017 586 AE
1037 538 1318 604 ‘punctum
1369 535 1589 604 aliquod
1630 539 1697 604 Θ,
1745 538 1799 588 et

114 625 273 677 ducta
295 628 349 677 A
359 626 406 676 Θ
436 623 775 692 producatur.
831 623 1072 676 concidet
1101 623 1268 692 igitur
1300 642 1418 676 cum
1449 625 1657 676 ambitu
1681 626 1798 676 ΒΓ.

114 712 361 766 concidat
398 712 455 764 in
486 714 556 781 K,
594 714 648 764 et
687 711 950 764 ducantur
980 714 1107 775 ΗΘ,
1132 714 1254 763 ΖΚ.
1325 714 1378 764 et
1409 712 1660 780 quoniam
1693 712 1797 765 duo

111 802 277 870 plana
322 801 586 870 parallela
626 803 758 868 AE,
791 802 903 853 ΒΓ
932 800 1093 868 plano
1135 802 1305 852 ΑΒΓ
1339 803 1610 869 secantur,
1659 818 1799 853 com-

16 937 17 940 ,
112 907 299 942 munes
341 907 524 943 eorum
566 889 826 942 sectiones
866 890 1154 958 parallelae
1196 893 1322 941 sunt
1360 889 1532 956 [Eucl.
1563 888 1655 959 XI,
1691 890 1798 956 16].

110 978 294 1047 itaque
335 982 454 1030 ΔΕ
487 981 661 1030 rectae
700 980 811 1030 ΒΓ
840 977 1101 1046 parallela
1142 981 1238 1029 est.
1308 978 1493 1029 eadem
1533 978 1597 1030 de
1637 996 1798 1031 causa

6 1075 7 1081 ’
114 1068 279 1119 etiam
303 1070 416 1120 ΗΘ
445 1069 623 1119 rectae
647 1070 755 1119 KZ
778 1067 1038 1136 parallela
1062 1069 1159 1119 est.
1213 1066 1398 1134 itaque
1427 1065 1597 1132 [Eucl.
1622 1065 1724 1135 VI,·
1738 1067 1794 1133 4]

112 1158 500 1207 ZA:AH==
534 1159 922 1211 ZB:AH=-=
958 1157 1334 1207 ZF2HE=
1368 1157 1663 1207 ΖΚεΗΘ.
1746 1158 1799 1207 et
1857 1182 1859 1185 ⁴

0 1257 3 1259 ·
113 1245 215 1295 ΒΖ
248 1269 316 1286 =
349 1247 458 1296 KZ
492 1270 559 1286 =
594 1246 706 1297 ΖΓ.
792 1261 954 1312 quare
1002 1244 1166 1296 etiam
1215 1245 1428 1295 AH=
1455 1245 1565 1295 ΗΘ
1591 1269 1659 1285 =
1683 1246 1803 1307 HE

114 1331 289 1398 [Eucl.
337 1331 401 1402 V,
448 1333 521 1399 9].
604 1334 712 1385 iam
768 1333 1017 1385 similiter
1067 1333 1577 1397 demonstrabimUS‚
1633 1333 1797 1385 etiam

114 1438 298 1473 omnes
338 1424 514 1474 rectas
556 1421 622 1474 ab
662 1424 724 1472 H
756 1424 955 1489 puncto
998 1422 1064 1473 ad
1102 1421 1302 1473 lineam
1337 1425 1392 1472 A
1403 1424 1454 1472 E
1490 1420 1794 1473 adcidentes

0 1503 31 1563 s
111 1509 253 1561 inter
293 1527 354 1561 se·
388 1510 636 1578 aequales
677 1527 806 1562 esse.

225 1614 352 1667 ergo
390 1598 535 1650 linea
567 1601 682 1649 ΔΕ
710 1598 939 1650 circulus
973 1601 1055 1650 est
1087 1601 1327 1650 centrum
1358 1598 1416 1650 in
1449 1615 1546 1649 axe
1577 1597 1795 1650 habens

225 1688 279 1737 et
324 1685 669 1738 manifestum
713 1689 817 1756 est,
862 1686 1089 1756 figuram
1115 1685 1327 1739 -circulo
1367 1690 1422 1738 A
1433 1689 1485 1737 E
1522 1688 1575 1737 et
1615 1704 1796 1754 super-

113 1773 231 1826 ficie
256 1773 443 1826 conica
469 1774 535 1826 ab
565 1792 627 1827 eo
661 1773 871 1827 abscisa
897 1774 962 1826 ad
990 1780 1041 1826 A
1071 1777 1329 1842 punctum
1355 1774 1795 1842 comprehensam

115 1881 308 1916 conum
348 1881 478 1916 esse.

227 1954 282 2004 et
322 1951 480 2003 simul
520 1950 947 2002 demonstratum
988 1953 1084 2019 est,
1129 1951 1420 2004 sectionem
1461 1970 1794 2005 communem

113 2039 261 2108 plani
301 2038 533 2092 secantis
572 2037 933 2108 triangulique
966 2057 1061 2107 per
1093 2058 1246 2092 axem
1278 2040 1443 2108 positi
1476 2041 1795 2093 diametrum

115 2127 297 2179 circuli
340 2145 471 2180 esse.

922 2273 985 2326 V.

226 2390 281 2443 Si
331 2408 496 2443 conus
538 2392 786 2460 obliquus
826 2410 920 2460 per
960 2410 1114 2444 axem
1153 2393 1319 2460 plano
1360 2394 1426 2445 ad
1465 2394 1639 2446 basim
1677 2412 1795 2468 per-

115 2479 443 2547 pendiculari
497 2483 708 2533 secatur
762 2483 815 2532 et
871 2481 1028 2534 simul
1084 2481 1190 2534 alio
1246 2482 1410 2549 plano
1469 2485 1678 2534 secatur
1729 2482 1796 2534 ad

115 2567 449 2636 triangulum
488 2586 584 2635 per
621 2586 774 2620 axem
805 2570 1042 2637 positum
1074 2570 1515 2638 perpendiculari,
1556 2570 1693 2638 quod
1728 2570 1795 2622 ad

115 2655 372 2707 uerticem
435 2656 766 2724 triangulum
828 2657 1107 2710 abscindat
1165 2658 1436 2726 triangulo
1491 2676 1586 2725 per
1641 2677 1794 2711 axem

115 2743 293 2810 posito
335 2743 581 2812 similem,
620 2743 711 2796 sed
750 2762 777 2796 e
817 2746 1086 2798 contrario
1128 2746 1382 2815 positum,
1422 2746 1586 2798 sectio
1627 2746 1794 2800 circu-

115 2830 198 2882 lus
239 2831 361 2899 erit3
403 2830 698 2899 adpelletur
737 2836 915 2885 autem
954 2834 1079 2892 talis
1121 2834 1286 2886 sectio
1328 2834 1608 2887 contraria.

203 2923 522 2968 Apollonius,
547 2926 603 2959 ed.
627 2926 807 2967 Heiberg.
1504 2925 1529 2963 2
