1982 3178
145 594 173 634 5

16 1056 23 1063 ·
117 1039 174 1080 10

117 1484 172 1523 15

111 1935 172 1975 20

109 2378 170 2418 25

211 99 282 152 74
867 103 1144 148 ΚΩΝΙΚΩΝ
1175 99 1242 148 α’.

208 217 275 276 τὰ
329 217 422 276 ἀπ’
470 218 657 277 αὐτῶν
710 220 1031 293 τετράγωνα
1075 221 1215 292 πρὸς
1261 222 1363 295 μὲν
1418 222 1486 280 τὰ
1538 223 1901 298 περιεχόμενα

208 314 383 382 χωρία
414 307 522 366 ὑπὸ
554 314 667 367 τῶν
699 308 1251 383 ἀπολαμβανομένων
1281 309 1377 368 ὑπ’
1406 312 1593 370 αὐτῶν
1622 312 1760 387 πρὸς
1782 327 1902 383 τοῖς

207 400 406 472 πέρασι
443 402 555 476 τῆς.
578 405 815 472 πλαγίας
851 404 1095 471 πλευρᾶς
1125 409 1226 457 τοῦ
1259 405 1447 467 εἴδους
1475 399 1549 469 ὡς
1577 405 1680 458 τοῦ
1711 406 1899 470 εἴδους

207 485 240 559 ἡ
282 485 453 561 ὀρθία
490 487 701 561 πλευρὰ
739 488 879 562 πρὸς
915 489 1019 562 τὴν
1057 495 1326 562 πλαγίαν,
1380 489 1520 563 πρὸς
1565 489 1776 564 ἄλληλα
1816 494 1897 565 δέ,

209 575 281 643 ὡς
318 577 386 633 τὰ
423 578 788 651 περιεχόμενα
826 584 1001 651 χωρία
1040 577 1149 636 ὑπὸ
1189 583 1330 651 τῶν,
1371 577 1446 646 ὥς
1484 587 1724 654 εἴρηται,
1763 580 1898 639 ἀπο-

208 668 646 739 λαμβανομένων
686 665 943 725 εὐθειῶν.

319 760 456 812 ἔστω
490 754 770 829 ὑπερβολὴ
803 754 838 829 ἢ
873 762 1114 824 ἔλλειψις
1143 754 1177 829 ἢ
1210 757 1421 814 κύκλου
1454 759 1795 832 περιφέρεια,
1832 752 1900 832 ἧς

209 844 500 919 διάμετρος
545 847 646 917 μὲν
693 845 726 918 ἡ
769 853 904 918 ΑΒ,
950 845 1081 918 παρ’
1126 845 1199 919 ἣν
1240 847 1303 904 δὲ
1350 847 1623 905 δύνανται
1671 851 1732 905 αἰ
1773 870 1898 906 κατ-

206 935 477 1006 αγόμεναι
525 934 558 1006 ἡ
598 941 730 1007 ΑΓ,
778 937 870 991 καὶ
916 935 1288 1009 κατήχθωσαν
1329 938 1415 993 ἐπὶ
1453 936 1557 1009 τὴν
1597 937 1897 1012 διάμετρον

206 1025 546 1095 τεταγμένως
586 1027 648 1080 αἰ
683 1031 813 1096 ΔΕ,
848 1031 974 1080 ZH.
1043 1027 1204 1097 λέγω,
1246 1024 1330 1082 ὅτι
1370 1027 1539 1097 ἐστίν,
1579 1024 1654 1092 ὡς
1692 1026 1795 1099 μὲν
1833 1026 1897 1084 τὸ

205 1111 312 1169 ἀπὸ
351 1116 451 1185 τῆς
490 1120 609 1170 ΖΗ
649 1113 787 1185 πρὸς
834 1112 895 1170 τὸ
934 1112 1044 1171 ὑπὸ
1084 1118 1198 1171 τῶν
1235 1121 1437 1186 ΑΗΒ,
1494 1114 1671 1182 οὕτως
1714 1114 1748 1188 ἡ
1789 1121 1904 1173 ΑΓ
1963 1167 1979 1172 ,,

202 1200 340 1273 πρὸς
363 1209 491 1273 ΑΒ,
531 1201 605 1269 ὡς
639 1203 701 1259 δὲ
731 1202 794 1260 τὸ
828 1201 936 1259 ἀπὸ
970 1207 1068 1275 τῆς
1094 1210 1212 1260 ΖΗ
1240 1204 1381 1277 πρὸς
1409 1203 1473 1261 τὸ
1504 1203 1611 1261 ἀπὸ
1644 1214 1742 1277 τῆς
1764 1211 1896 1276 ΔΕ,

204 1291 350 1347 οὕτω
389 1290 452 1348 τὸ
491 1289 600 1348 ὑπὸ
639 1296 752 1349 τῶν
792 1297 967 1349 ΑΗΒ
1006 1291 1145 1362 πρὸς
1182 1291 1244 1349 τὸ
1284 1291 1392 1349 ὑπὸ
1432 1297 1547 1350 τῶν
1586 1301 1767 1350 ΑΕΒ.

320 1380 627 1454 ἐπεζεύχθω
668 1381 777 1453 γὰρ
818 1380 851 1454 ἡ
885 1387 995 1438 ΒΓ
1026 1385 1345 1455 διορίζουσα
1375 1381 1437 1438 τὸ
1472 1380 1639 1455 εἶδος,
1677 1384 1769 1440 καὶ
1802 1381 1897 1440 διὰ

204 1472 315 1525 τῶν
349 1476 415 1539 Ε,
447 1477 508 1526 Η
551 1474 618 1544 τῇ
656 1476 774 1527 ΑΓ
809 1474 1153 1544 παράλληλοι
1191 1470 1464 1543 ἤχθωσαν
1502 1474 1564 1527 αἱ
1599 1478 1720 1544 ΕΘ,
1751 1478 1894 1528 ΗΚ·
1964 1466 1974 1529 ἶ

205 1564 331 1615 ἴσον
371 1557 481 1632 ἄρα
520 1560 646 1615 ἐστὶ.
672 1560 735 1616 τὸ
767 1559 871 1632 μὲν
910 1558 1017 1616 ἀπὸ
1058 1564 1154 1631 τῆς
1186 1566 1297 1615 ΖΗ
1335 1563 1410 1637 τῷ
1449 1559 1560 1616 ὑπὸ
1592 1565 1791 1633 KHA,
1829 1559 1892 1618 τὸ
1959 1558 1972 1640 ξ

205 1646 267 1703 δὲ
314 1646 422 1704 ἀπὸ
462 1652 561 1720 τῆς
600 1656 717 1705 ΔΕ
766 1659 841 1726 τῷ
893 1647 999 1705 ὑπὸ
1041 1655 1221 1706 ΘΕΑ.
1297 1650 1388 1705 καὶ
1436 1651 1556 1705 ἐπεί
1590 1651 1764 1722 ἐστιν,
1820 1647 1896 1716 ὥς
1962 1643 1973 1660 ‘

203 1734 236 1807 ἡ
272 1739 393 1792 ΚΗ
430 1738 568 1810 πρὸς
600 1745 731 1809 ΗΒ,
772 1736 949 1803 οὕτως
979 1738 1014 1809 ἡ
1040 1743 1141 1794 ΓΑ
1177 1737 1316 1810 πρὸς
1339 1745 1466 1809 ΑΒ,
1507 1736 1582 1804 ὡς
1613 1738 1674 1795 δὲ
1705 1737 1739 1811 ἡ
1773 1745 1902 1796 ΚΗ
1965 1771 1968 1775 ’

204 1826 341 1897 πρὸς
364 1832 496 1896 ΗΒ,
535 1831 632 1898 τῆς
656 1835 708 1883 Λ
718 1833 783 1883 Η
813 1831 1011 1883 κοινοῦ
1042 1825 1224 1895 ὕψους
1254 1829 1679 1899 λαμβανομένης
1717 1827 1894 1895 οὕτως
1974 1887 1982 1905 -,

203 1912 264 1969 τὸ
311 1914 422 1971 ὑπὸ
471 1921 653 1971 KHA
709 1914 850 1989 πρὸς
901 1915 963 1972 τὸ
1011 1914 1120 1971 ὑπὸ
1169 1922 1369 1987 ΒΗΑ,
1432 1914 1506 1982 ὡς
1550 1915 1658 1988 ἄρα
1705 1915 1739 1989 ἡ
1784 1923 1894 1974 ΓΑ
1980 1987 1982 1991 Α

203 2001 341 2073 πρὸς
372 2010 500 2075 ΑΒ,
542 2003 719 2070 οὕτως
756 2003 818 2061 τὸ
858 2002 969 2061 ὑπὸ
1003 2011 1202 2076 ΚΗΛ,
1241 2006 1491 2062 τουτέστι
1530 2004 1591 2061 τὸ
1625 2003 1732 2063 ἀπὸ
1758 2011 1891 2078 ΖΗ,
1974 2005 1982 2059 3

202 2090 340 2163 πρὸς
377 2091 440 2148 τὸ
481 2091 589 2149 ὑπὸ
632 2099 819 2151 ΒΗΑ.
884 2093 978 2149 διὰ
1016 2092 1083 2149 τὰ
1123 2092 1263 2149 αὐτὰ
1305 2093 1375 2165 δή
1417 2096 1530 2149 ἐστι
1567 2099 1677 2165 καί,
1718 2091 1792 2161 ὡς
1828 2093 1891 2151 τὸ

202 2180 311 2237 ἀπὸ
353 2187 470 2236 ΛΕ
504 2180 644 2254 πρὸς
681 2180 743 2238 τὸ
783 2180 893 2259 ὑπὸ
933 2189 1119 2253 ΒΕΑ,
1161 2181 1337 2248 οὕτως
1375 2180 1410 2255 ἡ
1455 2188 1555 2239 ΓΑ
1591 2182 1729 2256 πρὸς
1766 2189 1890 2242 AB.
1980 2185 1982 2195 '

201 2270 293 2325 καὶ
334 2268 408 2335 ὡς
438 2269 547 2342 ἄρα
577 2269 639 2326 τὸ
672 2268 780 2326 ἀπὸ
812 2280 909 2342 τῆς
934 2278 1054 2326 ΖΗ
1083 2271 1224 2343 πρὸς
1253 2271 1314 2328 τὸ
1347 2271 1456 2328 ὑπὸ
1483 2278 1675 2344 ΒΗΑ,
1715 2273 1891 2338 οὕτως

202 2358 264 2414 τὸ
305 2359 414 2415 ἀπὸ
455 2365 572 2414 ΔΕ
606 2358 744 2431 πρὸς
780 2358 842 2415 τὸ
883 2358 994 2416 ὑπὸ
1036 2367 1226 2416 ΒΕΑ·
1267 2360 1524 2432 ἐναλλάξ,
1565 2359 1640 2427 ὡς
1676 2360 1738 2417 τὸ
1778 2358 1886 2416 ἀπὸ

204 2453 325 2503 ΖΗ
354 2447 492 2520 πρὸς
529 2447 591 2504 τὸ
631 2447 738 2504 ἀπὸ
782 2456 917 2520 ΔΕ,
968 2449 1145 2516 οὕτως
1182 2449 1243 2507 τὸ
1284 2448 1394 2507 ὑπὸ
1433 2456 1609 2506 ΒΗΑ
1646 2449 1786 2523 πρὸς
1823 2449 1885 2506 τὸ

200 2534 309 2592 ὑπὸ
351 2543 533 2595 ΒΕΑ.

321 2676 361 2717 2.
394 2668 861 2731 ὑπολαμβανομένων
886 2670 948 2725 V;
983 2686 1096 2716 corr.
1116 2686 1160 2728 p.
1255 2678 1294 2718 7.
1327 2669 1379 2730 ἥ]
1411 2669 1440 2728 ἡ
1467 2672 1530 2727 V;
1565 2685 1741 2728 comp.
1833 2668 1863 2728 ἦ

201 2725 230 2785 ἡ
265 2730 327 2780 V:
362 2744 477 2777 corr.
508 2746 553 2788 p.
688 2735 756 2776 10.
788 2728 895 2789 μέν]
929 2745 1007 2786 cp,
1049 2744 1187 2788 supra
1219 2745 1304 2776 scr.
1337 2746 1398 2775 m.
1434 2737 1455 2775 1
1490 2731 1544 2775 V.
1669 2735 1739 2777 14.
1770 2734 1862 2776 ΒΓ

204 2793 351 2834 ΗΒΓ
378 2790 441 2846 V3
476 2804 591 2835 corr.
623 2805 667 2847 p.
792 2795 861 2834 16.
893 2791 1057 2849 KHA]
1090 2794 1233 2835 KAH
1265 2790 1327 2844 V;
1361 2804 1475 2835 corr.
1507 2791 1702 2835 Memus.
1810 2795 1883 2836 22.

199 2847 280 2915 τά]
314 2863 403 2894 om.
424 2850 486 2903 V3
521 2863 637 2893 corr.
662 2865 706 2906 p.
799 2853 870 2893 23.
903 2845 955 2907 ἡ]
989 2865 1033 2906 p,
1067 2864 1155 2894 om.
1181 2850 1220 2894 V
1253 2850 1302 2894 in
1333 2850 1446 2894 extr.
1478 2848 1559 2894 lin.
1652 2853 1722 2894 24.
1746 2846 1884 2908 πρός]

199 2923 234 2951 π
263 2921 314 2952 m
344 2923 431 2953 ras.
463 2923 524 2955 m.
559 2914 582 2952 1
618 2908 670 2953 V.
793 2913 864 2954 27.
898 2909 1050 2967 ΒΕΑ]
1083 2911 1177 2966 ΒΕ,
1205 2912 1290 2953 EA
1322 2910 1385 2963 V3
1417 2922 1532 2954 corr.
1567 2908 1761 2954 Memus.
