1930 3100
121 85 186 132 IV
791 86 1151 134 PRAEFATIO.

118 209 325 277 peritus
366 206 639 261 codicibus
680 207 925 261 Arabicis
967 209 1181 264 collatis
1217 228 1415 264 nouam
1447 212 1819 266 recensionem
1926 258 1930 289 Ξ

120 298 342 351 illorum
389 297 651 351 librorum
693 297 1006 351 instituerit.
1084 302 1139 352 et
1177 303 1239 352 ut
1279 318 1494 369 sperare
1532 301 1820 370 possimus,

118 386 222 440 hoc
260 386 414 439 breui
454 386 694 439 futurum
736 404 868 457 esse,
909 387 1087 440 effecit
1124 387 1180 440 L.
1214 388 1270 440 L.
1303 388 1374 444 Μ.
1406 387 1458 442 N
1468 389 1636 443 ixius
1675 390 1820 443 edita

120 475 523 543 dissertatione,
579 493 715 545 quae
770 476 1084 529 inscribitur
1129 476 1243 529 Das
1298 476 1471 530 fiinfte
1517 477 1672 532 Buch
1726 478 1820 532 der

120 563 322 618 Conica
369 564 460 617 des
508 562 834 634 Apollonius
882 583 990 618 von
1035 564 1212 635 Perga
1258 566 1315 618 in
1363 566 1456 619 der
1499 567 1819 621 arabischen

117 651 527 723 Uebersetzung
573 653 665 706 des
713 653 914 707 Thabit
962 653 1062 707 Ibn
1103 653 1309 708 Corrah
1348 653 1591 727 (Lipsiae
1635 655 1821 730 1889).

119 742 213 811 qui
259 745 321 795 ut
367 760 502 812 opus
550 743 691 795 bene
738 746 792 795 et
831 743 1039 796 utiliter
1078 744 1352 812 inceptum
1393 745 1460 797 ad
1498 745 1662 798 finem
1701 765 1819 816 per-

117 830 298 900 ducat,
345 849 557 885 mecum
597 832 887 900 optabunt,
932 833 1232 902 quicunque
1273 834 1479 902 scripta
1517 835 1818 889 mathema-

113 920 224 973 tica
264 918 595 973 Graecorum
635 925 907 974 'nonerunt
947 922 1248 991 coluntque.

238 1007 510 1071 Quattuor
550 1010 705 1062 libris
747 1008 1093 1079 Conicorum‚
1142 1011 1235 1080 qui
1275 1010 1475 1064 Graece
1516 1018 1819 1084 supersunt,

113 1098 170 1150 in
211 1099 486 1152 uolumine
526 1099 695 1152 altero
737 1099 1031 1168 adiungam
1063 1099 1372 1170 fragmenta
1404 1103 1458 1154 et
1489 1099 1814 1156 (lonicorum

115 1189 169 1239 et
199 1187 530 1257 reliquorum
562 1206 786 1257 operum
811 1187 1108 1257 Apollonii,
1140 1207 1275 1257 quae
1302 1187 1505 1242 Graece
1535 1189 1815 1263 habemus,

115 1278 170 1327 et
214 1279 494 1344 praeterea
538 1278 795 1331 lemmata
834 1276 1008 1346 Pappi
1056 1281 1111 1330 et
1151 1279 1546 1352 commentaria„
1583 1278 1812 1335 Eutocii.

116 1367 345 1434 constat,
383 1365 544 1419 huius
584 1367 690 1418 uiri
730 1368 1095 1420 recensionem
1127 1367 1391 1419 librorum
1422 1366 1607 1421 I—-IV
1639 1369 1813 1422 solam

112 1454 360 1507 relictam
408 1473 547 1524 esse3
596 1473 762 1523 quare
808 1455 863 1507 id
911 1455 1145 1523 primum
1192 1455 1326 1508 mihi
1371 1458 1643 1528 agendum
1681 1461 1813 1528 erat,

110 1546 172 1595 ut
212 1561 276 1596 ea
319 1562 348 1596 e
389 1537 662 1597 codicibus
702 1544 1092 1598 restitueretur.
1172 1548 1433 1614 quantum
1472 1545 1537 1599 de
1576 1547 1813 1616 pristina

113 1629 436 1686 Conicorum
477 1632 653 1685 forma
692 1633 807 1685 ueri
849 1633 1098 1685 similiter
1139 1634 1306 1686 statui
1346 1637 1550 1704 potest,
1593 1636 1650 1688 in
1688 1653 1812 1705 pro-

110 1720 411 1790 legomenis
451 1722 654 1773 criticis
693 1721 987 1774 uoluminis
1028 1722 1250 1775 alterius
1290 1723 1570 1793 colligam3
1610 1723 1811 1777 ibidem

112 1809 178 1861 de
214 1809 536 1879 cognatione
569 1809 814 1862 codicum
849 1811 1064 1862 uberius
1099 1829 1382 1879 exponam.
1452 1811 1539 1865 hic
1573 1813 1811 1866 breuiter

108 1895 385 1967 indicabo,
440 1898 633 1967 quibus
690 1898 964 1951 codicibus
1012 1900 1221 1952 nitatur
1266 1901 1508 1953 recensio
1558 1919 1700 1966 mea,
1756 1904 1811 1955 et

114 1986 303 2054 quanti
343 1987 569 2056 quisque
610 1986 977 2039 aestimandus
1018 1988 1105 2041 sit.
1184 1991 1309 2041 sunt
1347 1988 1517 2057 igitur
1553 1989 1636 2043 hi:

181 2073 232 2126 V
271 2106 345 2112 —
379 2075 494 2128 cod.
517 2074 766 2146 Vatican.
794 2075 883 2128 Gr.
909 2076 1016 2129 206
1043 2077 1288 2146 bombyc.
1315 2095 1451 2130 saec.
1475 2076 1809 2148 XII—XIII,

293 2163 419 2234 fol„
489 2164 697 2217 duobus
769 2165 1136 2219 uoluminibus
1208 2170 1519 2236 constans3v
1565 2167 1810 2220 continet

292 2252 384 2305 fol.
415 2253 633 2305 1—160
651 2251 975 2317 Conicorum
993 2255 1162 2308 libros
1179 2253 1378 2324 I—IV‚
1402 2255 1494 2309 fol.
1516 2255 1805 2309 161-239

295 2339 482 2394 Sereni
522 2342 797 2410 opuscula.
866 2341 924 2394 in
964 2343 1068 2395 fine
1108 2344 1332 2396 mutilus
1373 2346 1456 2397 est
1496 2346 1550 2396 et
1585 2344 1805 2397 omnino

291 2430 528 2498 pessime
567 2430 811 2500 habitus3
854 2431 1069 2500 singula
1108 2431 1239 2497 folia
1268 2432 1584 2501 plerumque
1616 2431 1806 2485 charta

290 2519 561 2586 pellucida
598 2518 820 2572 inducta
860 2523 999 2572 sunt.
1079 2539 1270 2573 manus
1310 2519 1578 2573 recentior
1616 2517 1708 2591 (m.
1741 2518 1801 2592 2)

290 2608 512 2660 lacunas
581 2608 841 2677 quasdam
903 2610 983 2675 (in
1047 2607 1272 2680 Sereno)
1334 2609 1571 2678 expleuit
1633 2611 1687 2660 et
1746 2609 1805 2662 in

292 2695 588 2764 Apollonio
627 2697 889 2749 nonnulla
926 2697 1132 2750 addidit
1164 2701 1218 2750 et
1250 2697 1569 2767 emendauit,
1609 2714 1802 2750 manus

292 2785 666 2838 recentissima
735 2782 835 2855 (m.
904 2782 1037 2856 rec.)
1107 2786 1165 2838 in
1227 2786 1470 2856 margine
1538 2786 1805 2839 nonnulla

293 2871 591 2942 adscripsit.
670 2874 874 2926 contuli
913 2873 1118 2927 Romae
1162 2874 1320 2927 1887.

1922 312 1930 450 i
