1982 3178
168 74 240 128 84
830 78 1111 124 ΚΩΝΙΚῼΝ
1141 76 1211 126 α’.

972 226 1070 294 κζ’.

273 328 404 385 Ἐὰν
437 332 759 403 παραβολῆς
788 329 891 403 τὴν
918 330 1220 404 διάμετρον
1244 328 1441 387 εὐθεῖα
1464 332 1654 406 τέμνῃ,
1679 334 1873 405 ἐκβαλ-

165 420 372 491 λομένη
416 416 504 491 ἐφ’
550 418 782 492 ἑκάτερα
822 409 1180 491 συμπεσεῖται
1219 423 1286 494 τῇ
1325 422 1482 494 τομῇ.

278 512 414 565 ἔστω
462 508 780 581 παραβολή,
828 501 896 580 ἧς
936 508 1232 581 διάμετρος
1269 506 1303 581 ἡ
1345 515 1484 580 ΑΒ,
1530 509 1624 566 καὶ
1661 512 1870 583 ταύτην

107 601 132 641 5
163 597 405 668 τεμνέτω
460 619 542 663 τις
597 594 793 653 εὐθεῖα
848 596 1005 663 ἐντὸς
1057 601 1156 670 τῆς
1199 600 1373 671 τομῆς
1417 596 1452 670 ἡ
1500 603 1625 655 ΓΛ.
1707 600 1870 672 λέγω,

166 685 252 742 ὅτι
284 683 317 757 ἡ
343 690 456 741 ΓΔ
488 686 863 759 ἐκβαλλομένη
890 684 978 758 ἐφ’
1008 686 1237 759 ἑκάτερα
1259 688 1325 743 τὰ
1351 688 1489 760 μέρη
1515 698 1872 760 συμπεσεῖται

163 777 230 848 τῇ
271 778 431 848 τομῇ.

274 862 435 936 ἤχθω
476 863 582 935 γάρ
622 887 704 930 τις
742 862 852 920 ἀπὸ
893 868 995 921 τοῦ
1029 872 1082 920 A
1119 867 1269 938 παρὰ
1303 866 1648 938 τεταγμένως
1675 887 1869 938 κατηγ-

164 952 340 1024 μένην
387 950 422 1025 ἡ
461 959 593 1009 AE·
671 951 705 1025 ἡ
746 960 862 1009 ΑΕ
905 955 1014 1027 ἄρα
1066 956 1221 1021 ἐκτὸς
1258 965 1505 1011 πεσεῖται
1542 963 1645 1027 τῆς
1682 958 1870 1027 τομῆς.

79 1046 136 1087 10
280 1042 406 1114 ἤτοι
446 1044 515 1114 δὴ
558 1041 590 1115 ἡ
633 1049 744 1099 ΓΔ
782 1047 846 1115 τῇ
885 1050 1002 1099 ΛΕ
1036 1043 1388 1116 παράλληλός
1427 1045 1578 1100 ἐστιν
1617 1039 1652 1115 ἢ
1693 1043 1776 1100 οὔ.

275 1135 327 1188 εἰ
379 1131 482 1204 μὲν
538 1126 644 1188 οὖν
698 1132 1058 1205 παράλληλός
1105 1135 1256 1189 ἐστιν
1303 1131 1472 1207 αὐτῇ,
1526 1133 1871 1206 τεταγμένως

161 1224 452 1292 κατῆκται,
500 1219 641 1277 ὥστε
688 1222 1066 1293 ἐκβαλλομένη
1113 1220 1202 1293 ἐφ’
1240 1221 1471 1295 ἑκάτερα
1511 1233 1870 1294 συμπεσεῖται

161 1313 228 1383 τῇ
268 1313 425 1383 τομῇ.

274 1400 348 1471 μὴ
391 1403 528 1456 ἔστω
571 1400 639 1470 δὴ
674 1399 1026 1473 παράλληλος
1056 1403 1122 1474 τῇ
1156 1405 1290 1471 ΑΕ,
1331 1397 1454 1456 ἀλλ’
1491 1401 1867 1472 ἐκβαλλομένη

75 1490 130 1531 15
164 1487 514 1559 συμπιπτέτω
553 1491 620 1562 τῇ
652 1496 706 1544 A
715 1495 767 1545 E
801 1486 940 1546 κατὰ
978 1489 1041 1545 τὸ
1077 1495 1141 1547 Ε.
1211 1486 1297 1545 ὅτι
1336 1489 1440 1562 μὲν
1480 1483 1587 1546 οὖν
1615 1492 1684 1564 τῇ
1721 1493 1866 1564 τομῇ

165 1580 461 1648 συμπίπτει
501 1577 590 1633 ἐπὶ
629 1576 696 1633 τὰ
729 1579 887 1650 μέρη,
927 1575 1018 1650 ἐφ’
1054 1575 1090 1634 ἅ
1122 1579 1238 1634 ἐστι
1266 1579 1331 1635 τὸ
1365 1584 1433 1650 Ε,
1473 1578 1749 1651 φανερόν·
1817 1584 1872 1636 εἰ

162 1667 272 1738 γὰρ
296 1674 364 1739 τῇ
383 1673 497 1722 ΑΕ
517 1666 844 1738 συμβάλλει,
868 1668 1013 1723 πολὺ
1037 1667 1315 1740 πρότερον
1338 1668 1523 1740 τέμνει
1546 1668 1653 1740 τὴν
1675 1667 1868 1741 τομήν.

275 1755 445 1826 λέγω,
510 1753 596 1812 ὅτι
657 1756 750 1811 καὶ
813 1756 902 1812 ἐπὶ
962 1757 1029 1812 τὰ
1086 1757 1244 1827 ἕτερα
1298 1756 1435 1830 μέρη
1491 1757 1867 1830 ἐκβαλλομένη

165 1848 463 1915 συμπίπτει
517 1847 584 1917 τῇ
639 1854 797 1918 τομῇ.
883 1849 1023 1901 ἔστω
1070 1846 1177 1918 γὰρ
1224 1843 1355 1917 παρ’
1397 1842 1471 1917 ἢν
1518 1844 1790 1903 δύνανται
1832 1844 1867 1919 ἡ

73 1936 131 1975 20
165 1938 292 1988 MA
345 1933 438 1988 καὶ
491 1935 837 2004 τεταγμένως
890 1930 924 2005 ἡ
973 1940 1110 2005 ΗΖ,
1164 1934 1256 1990 καὶ
1305 1934 1368 1990 τὸ
1417 1933 1526 1990 ἀπὸ
1575 1941 1695 1990 ΑΛ
1740 1942 1868 1991 ἴσον

163 2024 301 2077 ἔστω
341 2024 415 2096 τῷ
455 2019 565 2077 ὑπὸ
608 2027 718 2077 BA
729 2028 799 2092 Z,
839 2022 932 2078 καὶ
979 2023 1474 2095 παρατεταγμένως
1512 2020 1547 2095 ἡ
1580 2029 1697 2080 ΒΚ
1732 2041 1866 2096 συμ·

161 2111 401 2167 πιπτέτω
449 2114 517 2184 τῇ
560 2116 677 2166 ΔΓ
716 2112 854 2166 κατὰ
902 2113 965 2167 τὸ
1010 2116 1069 2167 Γ.
1148 2111 1263 2167 ἐπεὶ
1310 2118 1437 2167 ἴσον
1485 2112 1601 2169 ἐστὶ
1645 2113 1709 2170 τὸ
1756 2112 1867 2170 ὑπὸ

164 2205 327 2255 ΖΑΒ
366 2203 441 2275 τῷ
481 2196 590 2256 ἀπὸ
626 2207 770 2270 ΑΔ,
810 2204 960 2256 ἔστιν
1002 2197 1077 2266 ὥς
1115 2198 1150 2271 ἡ
1182 2206 1291 2256 AB
1330 2202 1473 2273 πρὸς
1504 2209 1644 2274 ΛΔ,
1683 2199 1718 2274 ἡ
1751 2209 1868 2258 ΔΛ

161 2308 302 2361 προς
356 2294 479 2344 ΑΖ·
563 2289 656 2343 καὶ
713 2290 879 2360 λοιπὴ
931 2287 1039 2362 ἄρα
1084 2287 1118 2361 ἡ
1168 2296 1283 2345 ΒΔ
1330 2290 1468 2362 πρὸς
1513 2290 1717 2362 λοιπὴν
1762 2291 1868 2363 τὴν

74 2379 131 2418 25
164 2383 275 2432 AZ
315 2380 491 2449 ἐστιν,
533 2375 608 2443 ὥς
645 2375 679 2448 ἡ
721 2383 831 2432 BA
869 2378 1008 2450 πρὸς
1046 2385 1180 2435 ΛΔ.
1256 2379 1349 2434 καὶ
1390 2376 1464 2444 ὥς
1503 2376 1612 2452 ἄρα
1649 2380 1712 2434 τὸ
1754 2376 1864 2436 ἀπὸ

164 2472 277 2520 ΒΔ
323 2468 463 2538 πρὸς
507 2467 571 2522 τὸ
622 2464 729 2522 ἄπο
783 2472 918 2536 ΖΔ,
968 2465 1145 2533 οὕτως
1190 2468 1253 2524 τὸ
1303 2465 1410 2523 ἀπὸ
1461 2474 1572 2523 BA
1616 2468 1757 2539 πρὸς
1800 2469 1864 2523 τὸ

164 2552 271 2610 ἀπὸ
313 2561 443 2611 ΑΔ.
515 2557 704 2626 ἐπειδὴ
748 2554 810 2611 δὲ
842 2561 968 2611 ἴσον
1006 2556 1068 2611 τὸ
1111 2553 1219 2612 ἀπὸ
1261 2562 1380 2611 ΑΔ
1425 2559 1500 2631 τῷ
1539 2554 1648 2612 ὑπὸ
1680 2562 1863 2627 BAZ,

290 2765 329 2805 1.
362 2758 457 2818 κζ’]
484 2777 529 2818 p,
563 2776 653 2807 om.
674 2762 728 2818 V,
757 2766 922 2806 m.2v.
1018 2767 1088 2807 21.
1121 2763 1271 2822 BAZ]
1303 2766 1430 2807 BZA
1464 2762 1527 2815 V;
1562 2775 1721 2820 corr.p
1748 2763 1862 2819 (τῶν

164 2822 262 2874 ΒΑ,
280 2823 393 2876 ΑΖ).
457 2821 574 2880 ΒΚ]
594 2820 760 2878 scripsi
777 2835 883 2866 eum
899 2820 1077 2874 Mem03
1098 2822 1271 2877 PKV3
1298 2825 1452 2879 BPp3
1475 2824 1557 2866 ΓΒ
1576 2821 1762 2878 ΗαΠογ,
1780 2821 1863 2866 sed

162 2876 214 2921 in
245 2878 321 2935 fig.
355 2883 401 2923 K
428 2880 574 2925 habet
607 2895 711 2926 eum
742 2879 798 2926 V.
890 2885 960 2925 23.
994 2878 1075 2925 διὰ
1109 2878 1171 2935 ιζ’
1205 2882 1289 2926 τοῦ
1323 2878 1369 2928 ς’
1397 2896 1538 2938 στοιχ.
1562 2895 1656 2947 mg.
1674 2895 1735 2926 m.
1756 2885 1778 2924 1
1804 2879 1859 2926 V.
